<?xml version="1.0" encoding="UTF-8"?>
<!DOCTYPE html PUBLIC "-//W3C//DTD XHTML 1.0 Transitional//EN"
    "http://www.w3.org/TR/xhtml1/DTD/xhtml1-transitional.dtd">
<html xmlns="http://www.w3.org/1999/xhtml" xml:lang="en" lang="en">
 <head>
  <title>
</title>
<meta http-equiv="Content-Type" content="text/html;charset=utf-8" />
  <meta name='ocr-system' content='tesseract 3.04.00' />
  <meta name='ocr-capabilities' content='ocr_page ocr_carea ocr_par ocr_line ocrx_word'/>
</head>
<body>
  <div class='ocr_page' id='page_1' title='image "4775067_0020.png"; bbox 0 0 2964 3642; ppageno 0'>
   <div class='ocr_carea' id='block_1_1' title="bbox 0 0 1684 1478">
    <p class='ocr_par' dir='ltr' id='par_1_1' title="bbox 0 0 1684 1478">
     <span class='ocr_line' id='line_1_1' title="bbox 0 0 1684 1083; baseline 0 -97"><span class='ocrx_word' id='word_1_1' title='bbox 0 0 1684 1083; x_wconf 95' lang='lat' dir='ltr'>    </span> 
     </span>
     <span class='ocr_line' id='line_1_2' title="bbox 0 1126 412 1478; baseline 0 0"><span class='ocrx_word' id='word_1_2' title='bbox 0 1126 412 1478; x_wconf 95' lang='lat' dir='ltr'>    </span> 
     </span>
    </p>
   </div>
   <div class='ocr_carea' id='block_1_2' title="bbox 102 799 2639 3441">
    <p class='ocr_par' dir='ltr' id='par_1_2' title="bbox 102 799 2639 2350">
     <span class='ocr_line' id='line_1_3' title="bbox 437 799 2631 929; baseline -0 -25"><span class='ocrx_word' id='word_1_3' title='bbox 437 839 440 841; x_wconf 27' lang='lat'>⁵</span> <span class='ocrx_word' id='word_1_4' title='bbox 594 835 1395 929; x_wconf 57' lang='grc' dir='ltr'><strong>ῃωῖιιιιιιιιιοὴοδάοωαὼο</strong></span> <span class='ocrx_word' id='word_1_5' title='bbox 1410 855 1626 920; x_wconf 77' lang='lat' dir='ltr'>spanum</span> <span class='ocrx_word' id='word_1_6' title='bbox 1688 853 1868 902; x_wconf 86' lang='lat' dir='ltr'>medici</span> <span class='ocrx_word' id='word_1_7' title='bbox 1894 799 2192 919; x_wconf 77' lang='lat' dir='ltr'>poscebant.</span> <span class='ocrx_word' id='word_1_8' title='bbox 2264 851 2406 915; x_wconf 87' lang='lat' dir='ltr'>Quos</span> <span class='ocrx_word' id='word_1_9' title='bbox 2454 868 2631 903; x_wconf 75' lang='lat' dir='ltr'>omues</span> 
     </span>
     <span class='ocr_line' id='line_1_4' title="bbox 432 916 2631 1007; baseline -0.001 -19"><span class='ocrx_word' id='word_1_10' title='bbox 432 926 536 972; x_wconf 41' lang='lat'>‘²⁷³3</span> <span class='ocrx_word' id='word_1_11' title='bbox 553 916 873 997; x_wconf 54' lang='lat' dir='ltr'>⁵⁴⁵md2mm</span> <span class='ocrx_word' id='word_1_12' title='bbox 914 959 1036 995; x_wconf 64' lang='lat' dir='ltr'>non</span> <span class='ocrx_word' id='word_1_13' title='bbox 1051 948 1197 1007; x_wconf 66' lang='lat' dir='ltr'>post</span> <span class='ocrx_word' id='word_1_14' title='bbox 1207 937 1391 1007; x_wconf 78' lang='lat' dir='ltr'>librum</span> <span class='ocrx_word' id='word_1_15' title='bbox 1437 936 1686 985; x_wconf 88' lang='lat' dir='ltr'>decimum</span> <span class='ocrx_word' id='word_1_16' title='bbox 1735 939 1854 998; x_wconf 88' lang='lat' dir='ltr'>(sive</span> <span class='ocrx_word' id='word_1_17' title='bbox 1897 936 2231 985; x_wconf 78' lang='lat' dir='ltr'>adnumeratis</span> <span class='ocrx_word' id='word_1_18' title='bbox 2265 937 2502 985; x_wconf 82' lang='lat' dir='ltr'>Romanis</span> <span class='ocrx_word' id='word_1_19' title='bbox 2532 953 2631 986; x_wconf 82' lang='lat' dir='ltr'>un·</span> 
     </span>
     <span class='ocr_line' id='line_1_5' title="bbox 467 1012 2632 1101; baseline -0.001 -30.033"><span class='ocrx_word' id='word_1_20' title='bbox 467 1012 719 1091; x_wconf 54' lang='grc' dir='ltr'><strong>ὶέέ1οοιιιιι</strong></span> <span class='ocrx_word' id='word_1_21' title='bbox 731 1028 976 1082; x_wconf 74' lang='lat' dir='ltr'>invenisse</span> <span class='ocrx_word' id='word_1_22' title='bbox 995 1021 1185 1101; x_wconf 63' lang='grc' dir='ltr'><em>ἐφη,</em></span> <span class='ocrx_word' id='word_1_23' title='bbox 1201 1021 1295 1096; x_wconf 69' lang='lat' dir='ltr'>sed</span> <span class='ocrx_word' id='word_1_24' title='bbox 1328 1022 1464 1070; x_wconf 87' lang='lat' dir='ltr'>illum</span> <span class='ocrx_word' id='word_1_25' title='bbox 1498 1023 1820 1092; x_wconf 69' lang='lat' dir='ltr'>praecessisse</span> <span class='ocrx_word' id='word_1_26' title='bbox 1853 1022 2042 1086; x_wconf 80' lang='lat' dir='ltr'>petius:</span> <span class='ocrx_word' id='word_1_27' title='bbox 2078 1047 2136 1054; x_wconf 88' lang='lat'>—</span> <span class='ocrx_word' id='word_1_28' title='bbox 2166 1035 2261 1070; x_wconf 88' lang='lat' dir='ltr'>nec</span> <span class='ocrx_word' id='word_1_29' title='bbox 2294 1022 2430 1069; x_wconf 87' lang='lat' dir='ltr'>enim</span> <span class='ocrx_word' id='word_1_30' title='bbox 2466 1021 2632 1069; x_wconf 78' lang='lat' dir='ltr'>archi-</span> 
     </span>
     <span class='ocr_line' id='line_1_6' title="bbox 355 1096 2636 1186; baseline -0.002 -27.033"><span class='ocrx_word' id='word_1_31' title='bbox 355 1119 368 1147; x_wconf 82' lang='grc'>’·</span> <span class='ocrx_word' id='word_1_32' title='bbox 393 1096 714 1172; x_wconf 80' lang='lat' dir='ltr'>commode</span> <span class='ocrx_word' id='word_1_33' title='bbox 728 1105 992 1180; x_wconf 67' lang='lat' dir='ltr'>praemitti</span> <span class='ocrx_word' id='word_1_34' title='bbox 1050 1123 1210 1185; x_wconf 82' lang='lat' dir='ltr'>reges,</span> <span class='ocrx_word' id='word_1_35' title='bbox 1256 1101 1623 1186; x_wconf 78' lang='lat' dir='ltr'>imperatores,</span> <span class='ocrx_word' id='word_1_36' title='bbox 1674 1108 1767 1156; x_wconf 89' lang='lat' dir='ltr'>rei</span> <span class='ocrx_word' id='word_1_37' title='bbox 1800 1106 2027 1172; x_wconf 87' lang='lat' dir='ltr'>publicae</span> <span class='ocrx_word' id='word_1_38' title='bbox 2083 1104 2329 1171; x_wconf 74' lang='lat' dir='ltr'>gerendae</span> <span class='ocrx_word' id='word_1_39' title='bbox 2383 1105 2636 1173; x_wconf 82' lang='lat' dir='ltr'>principes</span> 
     </span>
     <span class='ocr_line' id='line_1_7' title="bbox 175 1182 2631 1278; baseline -0.007 -22"><span class='ocrx_word' id='word_1_40' title='bbox 175 1229 191 1241; x_wconf 90' lang='lat'>-·</span> <span class='ocrx_word' id='word_1_41' title='bbox 207 1182 545 1278; x_wconf 63' lang='lat' dir='ltr'>pomerani,</span> <span class='ocrx_word' id='word_1_42' title='bbox 553 1190 690 1250; x_wconf 68' lang='lat' dir='ltr'>nee</span> <span class='ocrx_word' id='word_1_43' title='bbox 683 1188 896 1249; x_wconf 71' lang='lat' dir='ltr'>horum</span> <span class='ocrx_word' id='word_1_44' title='bbox 911 1185 1137 1253; x_wconf 66' lang='lat' dir='ltr'>uber-tati</span> <span class='ocrx_word' id='word_1_45' title='bbox 1162 1192 1588 1261; x_wconf 67' lang='lat' dir='ltr'>splendidissimae</span> <span class='ocrx_word' id='word_1_46' title='bbox 1622 1205 1910 1241; x_wconf 86' lang='lat' dir='ltr'>concessum</span> <span class='ocrx_word' id='word_1_47' title='bbox 1944 1198 2059 1256; x_wconf 86' lang='lat' dir='ltr'>post</span> <span class='ocrx_word' id='word_1_48' title='bbox 2089 1191 2290 1241; x_wconf 84' lang='lat' dir='ltr'>librum</span> <span class='ocrx_word' id='word_1_49' title='bbox 2302 1188 2631 1245; x_wconf 79' lang='lat' dir='ltr'>undecimum</span> 
     </span>
     <span class='ocr_line' id='line_1_8' title="bbox 102 1266 2635 1364; baseline -0.004 -32"><span class='ocrx_word' id='word_1_50' title='bbox 102 1334 105 1338; x_wconf 75' lang='grc'>,</span> <span class='ocrx_word' id='word_1_51' title='bbox 152 1292 156 1295; x_wconf 81' lang='grc'><strong>“</strong></span> <span class='ocrx_word' id='word_1_52' title='bbox 185 1270 485 1364; x_wconf 33' lang='lat' dir='ltr'>&#39;quatum</span> <span class='ocrx_word' id='word_1_53' title='bbox 476 1273 740 1333; x_wconf 70' lang='lat' dir='ltr'>librorum</span> <span class='ocrx_word' id='word_1_54' title='bbox 789 1275 1002 1347; x_wconf 81' lang='lat' dir='ltr'>spatium</span> <span class='ocrx_word' id='word_1_55' title='bbox 1038 1277 1187 1326; x_wconf 83' lang='lat' dir='ltr'>etiam</span> <span class='ocrx_word' id='word_1_56' title='bbox 1222 1275 1282 1324; x_wconf 90' lang='lat' dir='ltr'>in</span> <span class='ocrx_word' id='word_1_57' title='bbox 1308 1274 1488 1323; x_wconf 83' lang='lat' dir='ltr'>arelius</span> <span class='ocrx_word' id='word_1_58' title='bbox 1520 1274 1813 1324; x_wconf 75' lang='lat' dir='ltr'>contrahere</span> <span class='ocrx_word' id='word_1_59' title='bbox 1846 1266 2065 1322; x_wconf 80' lang='lat' dir='ltr'>animum</span> <span class='ocrx_word' id='word_1_60' title='bbox 2098 1271 2330 1323; x_wconf 76' lang='lat' dir='ltr'>induces.</span> <span class='ocrx_word' id='word_1_61' title='bbox 2344 1301 2431 1312; x_wconf 89' lang='lat'>-—</span> <span class='ocrx_word' id='word_1_62' title='bbox 2462 1279 2635 1322; x_wconf 71' lang='lat' dir='ltr'>tamen</span> 
     </span>
     <span class='ocr_line' id='line_1_9' title="bbox 140 1348 2636 1434; baseline -0.006 -14"><span class='ocrx_word' id='word_1_63' title='bbox 140 1350 144 1353; x_wconf 33' lang='lat'>¹</span> <span class='ocrx_word' id='word_1_64' title='bbox 222 1366 409 1434; x_wconf 57' lang='lat' dir='ltr'>adam</span> <span class='ocrx_word' id='word_1_65' title='bbox 410 1357 823 1425; x_wconf 71' lang='lat' dir='ltr'>hebdomadum-</span> <span class='ocrx_word' id='word_1_66' title='bbox 820 1362 1154 1432; x_wconf 73' lang='lat' dir='ltr'>capacitatem</span> <span class='ocrx_word' id='word_1_67' title='bbox 1202 1367 1259 1411; x_wconf 87' lang='lat' dir='ltr'>ut</span> <span class='ocrx_word' id='word_1_68' title='bbox 1292 1348 1407 1410; x_wconf 80' lang='lat' dir='ltr'>satis</span> <span class='ocrx_word' id='word_1_69' title='bbox 1441 1359 1673 1410; x_wconf 85' lang='lat' dir='ltr'>materiae</span> <span class='ocrx_word' id='word_1_70' title='bbox 1708 1358 2058 1424; x_wconf 75' lang='lat' dir='ltr'>conquiratur,</span> <span class='ocrx_word' id='word_1_71' title='bbox 2093 1358 2300 1408; x_wconf 83' lang='lat' dir='ltr'>omnino</span> <span class='ocrx_word' id='word_1_72' title='bbox 2334 1374 2439 1407; x_wconf 82' lang='lat' dir='ltr'>non</span> <span class='ocrx_word' id='word_1_73' title='bbox 2473 1367 2548 1405; x_wconf 86' lang='lat' dir='ltr'>est</span> <span class='ocrx_word' id='word_1_74' title='bbox 2581 1357 2636 1406; x_wconf 82' lang='lat' dir='ltr'>in</span> 
     </span>
     <span class='ocr_line' id='line_1_10' title="bbox 211 1439 2636 1513; baseline -0.006 -8.988"><span class='ocrx_word' id='word_1_75' title='bbox 211 1439 511 1504; x_wconf 64' lang='lat' dir='ltr'>limum·</span> <span class='ocrx_word' id='word_1_76' title='bbox 521 1442 802 1513; x_wconf 73' lang='lat' dir='ltr'>artuumque</span> <span class='ocrx_word' id='word_1_77' title='bbox 836 1445 1106 1501; x_wconf 83' lang='lat' dir='ltr'>luminibus</span> <span class='ocrx_word' id='word_1_78' title='bbox 1147 1441 1547 1507; x_wconf 85' lang='lat' dir='ltr'>subsistendum,</span> <span class='ocrx_word' id='word_1_79' title='bbox 1597 1442 1705 1494; x_wconf 85' lang='lat' dir='ltr'>sed·</span> <span class='ocrx_word' id='word_1_80' title='bbox 1727 1442 1922 1508; x_wconf 85' lang='lat' dir='ltr'>aliquid</span> <span class='ocrx_word' id='word_1_81' title='bbox 1947 1442 2231 1507; x_wconf 82' lang='lat' dir='ltr'>copiarum,</span> <span class='ocrx_word' id='word_1_82' title='bbox 2262 1441 2341 1492; x_wconf 81' lang='lat' dir='ltr'>vel</span> <span class='ocrx_word' id='word_1_83' title='bbox 2384 1451 2440 1491; x_wconf 91' lang='lat' dir='ltr'>ut</span> <span class='ocrx_word' id='word_1_84' title='bbox 2472 1441 2636 1493; x_wconf 81' lang='lat' dir='ltr'>verius</span> 
     </span>
     <span class='ocr_line' id='line_1_11' title="bbox 218 1521 2636 1602; baseline -0.005 -17"><span class='ocrx_word' id='word_1_85' title='bbox 218 1521 473 1596; x_wconf 70' lang='grc' dir='ltr'><strong>ὦσαιιιιιι,</strong></span> <span class='ocrx_word' id='word_1_86' title='bbox 509 1530 935 1602; x_wconf 74' lang='lat' dir='ltr'>aliquammultum</span> <span class='ocrx_word' id='word_1_87' title='bbox 980 1526 1152 1594; x_wconf 83' lang='lat' dir='ltr'>longe</span> <span class='ocrx_word' id='word_1_88' title='bbox 1147 1527 1268 1576; x_wconf 73' lang='lat' dir='ltr'>aliis</span> <span class='ocrx_word' id='word_1_89' title='bbox 1303 1544 1331 1576; x_wconf 92' lang='lat' dir='ltr'>e</span> <span class='ocrx_word' id='word_1_90' title='bbox 1365 1527 1635 1600; x_wconf 81' lang='lat' dir='ltr'>recessibus</span> <span class='ocrx_word' id='word_1_91' title='bbox 1669 1527 2025 1576; x_wconf 81' lang='lat' dir='ltr'>asciscendum.</span> <span class='ocrx_word' id='word_1_92' title='bbox 2112 1528 2282 1593; x_wconf 88' lang='lat' dir='ltr'>quue</span> <span class='ocrx_word' id='word_1_93' title='bbox 2317 1525 2439 1574; x_wconf 90' lang='lat' dir='ltr'>illud</span> <span class='ocrx_word' id='word_1_94' title='bbox 2474 1526 2636 1590; x_wconf 83' lang='lat' dir='ltr'>ipsum</span> 
     </span>
     <span class='ocr_line' id='line_1_12' title="bbox 227 1597 2639 1684; baseline -0.004 -17"><span class='ocrx_word' id='word_1_95' title='bbox 227 1627 425 1684; x_wconf 82' lang='lat' dir='ltr'>spectat</span> <span class='ocrx_word' id='word_1_96' title='bbox 447 1613 586 1680; x_wconf 83' lang='lat' dir='ltr'>quod</span> <span class='ocrx_word' id='word_1_97' title='bbox 604 1615 873 1683; x_wconf 76' lang='lat' dir='ltr'>Varronem</span> <span class='ocrx_word' id='word_1_98' title='bbox 896 1611 1083 1660; x_wconf 75' lang='lat' dir='ltr'>Plinius</span> <span class='ocrx_word' id='word_1_99' title='bbox 1100 1611 1224 1660; x_wconf 72' lang='lat' dir='ltr'>dixit</span> <span class='ocrx_word' id='word_1_100' title='bbox 1242 1597 1662 1677; x_wconf 83' lang='lat' dir='ltr'>septingentorum</span> <span class='ocrx_word' id='word_1_101' title='bbox 1698 1613 1919 1678; x_wconf 88' lang='lat' dir='ltr'>aliquo</span> <span class='ocrx_word' id='word_1_102' title='bbox 1951 1631 2047 1661; x_wconf 85' lang='lat' dir='ltr'>mo</span> <span class='ocrx_word' id='word_1_103' title='bbox 2067 1612 2146 1660; x_wconf 91' lang='lat' dir='ltr'>do</span> <span class='ocrx_word' id='word_1_104' title='bbox 2166 1612 2439 1659; x_wconf 84' lang='lat' dir='ltr'>inlustrium</span> <span class='ocrx_word' id='word_1_105' title='bbox 2469 1611 2639 1657; x_wconf 86' lang='lat' dir='ltr'>homi-</span> 
     </span>
     <span class='ocr_line' id='line_1_13' title="bbox 223 1684 2636 1766; baseline -0.003 -15"><span class='ocrx_word' id='word_1_106' title='bbox 223 1720 345 1752; x_wconf 88' lang='lat' dir='ltr'>num</span> <span class='ocrx_word' id='word_1_107' title='bbox 381 1701 616 1766; x_wconf 78' lang='lat' dir='ltr'>imagines</span> <span class='ocrx_word' id='word_1_108' title='bbox 653 1698 1041 1763; x_wconf 85' lang='lat' dir='ltr'>composuisse.</span> <span class='ocrx_word' id='word_1_109' title='bbox 1089 1684 1265 1756; x_wconf 77' lang='lat' dir='ltr'>Quae</span> <span class='ocrx_word' id='word_1_110' title='bbox 1286 1696 1426 1744; x_wconf 86' lang='lat' dir='ltr'>notio</span> <span class='ocrx_word' id='word_1_111' title='bbox 1460 1706 1694 1761; x_wconf 86' lang='lat' dir='ltr'>quantam</span> <span class='ocrx_word' id='word_1_112' title='bbox 1736 1704 1984 1761; x_wconf 80' lang='lat' dir='ltr'>generum</span> <span class='ocrx_word' id='word_1_113' title='bbox 2007 1699 2309 1744; x_wconf 87' lang='lat' dir='ltr'>varietatem</span> <span class='ocrx_word' id='word_1_114' title='bbox 2326 1695 2552 1743; x_wconf 87' lang='lat' dir='ltr'>admittat</span> <span class='ocrx_word' id='word_1_115' title='bbox 2581 1704 2636 1742; x_wconf 85' lang='lat' dir='ltr'>ut</span> 
     </span>
     <span class='ocr_line' id='line_1_14' title="bbox 188 1772 2638 1851; baseline -0.003 -16"><span class='ocrx_word' id='word_1_116' title='bbox 188 1787 191 1790; x_wconf 78' lang='grc'><strong>’</strong></span> <span class='ocrx_word' id='word_1_117' title='bbox 225 1787 276 1834; x_wconf 84' lang='lat' dir='ltr'>in</span> <span class='ocrx_word' id='word_1_118' title='bbox 312 1794 483 1851; x_wconf 87' lang='lat' dir='ltr'>aperto</span> <span class='ocrx_word' id='word_1_119' title='bbox 514 1793 613 1847; x_wconf 80' lang='lat' dir='ltr'>est,</span> <span class='ocrx_word' id='word_1_120' title='bbox 648 1784 725 1830; x_wconf 82' lang='lat' dir='ltr'>ita·</span> <span class='ocrx_word' id='word_1_121' title='bbox 745 1782 912 1831; x_wconf 84' lang='lat' dir='ltr'>licebit</span> <span class='ocrx_word' id='word_1_122' title='bbox 941 1782 1142 1829; x_wconf 80' lang='lat' dir='ltr'>fortasse</span> <span class='ocrx_word' id='word_1_123' title='bbox 1176 1780 1343 1846; x_wconf 86' lang='lat' dir='ltr'>paullo</span> <span class='ocrx_word' id='word_1_124' title='bbox 1383 1772 1662 1829; x_wconf 79' lang='lat' dir='ltr'>distinctius</span> <span class='ocrx_word' id='word_1_125' title='bbox 1705 1781 1813 1846; x_wconf 90' lang='lat' dir='ltr'>ipso</span> <span class='ocrx_word' id='word_1_126' title='bbox 1850 1781 1975 1829; x_wconf 89' lang='lat' dir='ltr'>duce</span> <span class='ocrx_word' id='word_1_127' title='bbox 2013 1783 2171 1830; x_wconf 83' lang='lat' dir='ltr'>Plinio</span> <span class='ocrx_word' id='word_1_128' title='bbox 2207 1780 2428 1831; x_wconf 85' lang='lat' dir='ltr'>definire.</span> <span class='ocrx_word' id='word_1_129' title='bbox 2499 1780 2638 1828; x_wconf 86' lang='lat' dir='ltr'>Hunc</span> 
     </span>
     <span class='ocr_line' id='line_1_15' title="bbox 221 1863 2632 1931; baseline -0.002 -13"><span class='ocrx_word' id='word_1_130' title='bbox 221 1863 352 1918; x_wconf 87' lang='lat' dir='ltr'>euim</span> <span class='ocrx_word' id='word_1_131' title='bbox 389 1884 502 1920; x_wconf 90' lang='lat' dir='ltr'>cum</span> <span class='ocrx_word' id='word_1_132' title='bbox 539 1868 636 1914; x_wconf 89' lang='lat' dir='ltr'>iam</span> <span class='ocrx_word' id='word_1_133' title='bbox 672 1882 818 1931; x_wconf 91' lang='lat' dir='ltr'>supra</span> <span class='ocrx_word' id='word_1_134' title='bbox 852 1866 1120 1914; x_wconf 87' lang='lat' dir='ltr'>viderimus</span> <span class='ocrx_word' id='word_1_135' title='bbox 1155 1873 1390 1930; x_wconf 89' lang='lat' dir='ltr'>quattuor</span> <span class='ocrx_word' id='word_1_136' title='bbox 1424 1880 1482 1912; x_wconf 89' lang='lat' dir='ltr'>ex</span> <span class='ocrx_word' id='word_1_137' title='bbox 1515 1873 1703 1930; x_wconf 87' lang='lat' dir='ltr'>septem</span> <span class='ocrx_word' id='word_1_138' title='bbox 1723 1866 2037 1915; x_wconf 85' lang='lat' dir='ltr'>Varronianis</span> <span class='ocrx_word' id='word_1_139' title='bbox 2058 1865 2349 1914; x_wconf 88' lang='lat' dir='ltr'>architectos</span> <span class='ocrx_word' id='word_1_140' title='bbox 2382 1865 2511 1913; x_wconf 85' lang='lat' dir='ltr'>libro</span> <span class='ocrx_word' id='word_1_141' title='bbox 2542 1881 2632 1912; x_wconf 85' lang='lat' dir='ltr'>suo</span> 
     </span>
     <span class='ocr_line' id='line_1_16' title="bbox 221 1933 2637 2020; baseline -0.002 -17"><span class='ocrx_word' id='word_1_142' title='bbox 221 1933 433 2020; x_wconf 80' lang='lat' dir='ltr'>septimo</span> <span class='ocrx_word' id='word_1_143' title='bbox 468 1951 755 2012; x_wconf 87' lang='lat' dir='ltr'>nominare,</span> <span class='ocrx_word' id='word_1_144' title='bbox 799 1951 899 1998; x_wconf 88' lang='lat' dir='ltr'>hoc</span> <span class='ocrx_word' id='word_1_145' title='bbox 942 1958 1013 1997; x_wconf 88' lang='lat' dir='ltr'>est</span> <span class='ocrx_word' id='word_1_146' title='bbox 1055 1965 1115 1998; x_wconf 91' lang='lat' dir='ltr'>eo</span> <span class='ocrx_word' id='word_1_147' title='bbox 1167 1950 1293 1999; x_wconf 88' lang='lat' dir='ltr'>libro</span> <span class='ocrx_word' id='word_1_148' title='bbox 1321 1965 1442 2015; x_wconf 82' lang='lat' dir='ltr'>quo</span> <span class='ocrx_word' id='word_1_149' title='bbox 1489 1957 1745 2014; x_wconf 84' lang='lat' dir='ltr'>tamquam</span> <span class='ocrx_word' id='word_1_150' title='bbox 1795 1950 1965 1999; x_wconf 85' lang='lat' dir='ltr'>florem</span> <span class='ocrx_word' id='word_1_151' title='bbox 2003 1951 2194 2014; x_wconf 78' lang='lat' dir='ltr'>generis</span> <span class='ocrx_word' id='word_1_152' title='bbox 2228 1949 2431 1997; x_wconf 88' lang='lat' dir='ltr'>humani</span> <span class='ocrx_word' id='word_1_153' title='bbox 2464 1949 2637 1997; x_wconf 86' lang='lat' dir='ltr'>libavit</span> 
     </span>
     <span class='ocr_line' id='line_1_17' title="bbox 224 2030 2635 2100; baseline -0.003 -16"><span class='ocrx_word' id='word_1_154' title='bbox 224 2037 392 2100; x_wconf 82' lang='lat' dir='ltr'>(ipsius</span> <span class='ocrx_word' id='word_1_155' title='bbox 425 2035 574 2084; x_wconf 86' lang='lat' dir='ltr'>verba</span> <span class='ocrx_word' id='word_1_156' title='bbox 620 2038 645 2089; x_wconf 88' lang='lat'>§</span> <span class='ocrx_word' id='word_1_157' title='bbox 680 2035 774 2082; x_wconf 79' lang='lat'>123</span> <span class='ocrx_word' id='word_1_158' title='bbox 819 2033 1086 2089; x_wconf 81' lang='lat' dir='ltr'>imitamur)</span> <span class='ocrx_word' id='word_1_159' title='bbox 1135 2041 1186 2081; x_wconf 89' lang='lat' dir='ltr'>et</span> <span class='ocrx_word' id='word_1_160' title='bbox 1227 2032 1473 2098; x_wconf 90' lang='lat' dir='ltr'>quicquid</span> <span class='ocrx_word' id='word_1_161' title='bbox 1523 2032 1691 2097; x_wconf 87' lang='lat' dir='ltr'>aliquo</span> <span class='ocrx_word' id='word_1_162' title='bbox 1747 2032 1897 2080; x_wconf 91' lang='lat' dir='ltr'>modo</span> <span class='ocrx_word' id='word_1_163' title='bbox 1935 2033 2255 2083; x_wconf 86' lang='lat' dir='ltr'>memorabile</span> <span class='ocrx_word' id='word_1_164' title='bbox 2294 2033 2342 2081; x_wconf 91' lang='lat' dir='ltr'>in</span> <span class='ocrx_word' id='word_1_165' title='bbox 2389 2030 2635 2096; x_wconf 84' lang='lat' dir='ltr'>fingendis</span> 
     </span>
     <span class='ocr_line' id='line_1_18' title="bbox 223 2115 2633 2182; baseline -0.002 -16"><span class='ocrx_word' id='word_1_166' title='bbox 223 2118 514 2165; x_wconf 85' lang='lat' dir='ltr'>hominibus</span> <span class='ocrx_word' id='word_1_167' title='bbox 546 2125 722 2164; x_wconf 80' lang='lat' dir='ltr'>natura</span> <span class='ocrx_word' id='word_1_168' title='bbox 758 2118 1097 2180; x_wconf 80' lang='lat' dir='ltr'>praestitisset,</span> <span class='ocrx_word' id='word_1_169' title='bbox 1147 2115 1317 2164; x_wconf 74' lang='lat' dir='ltr'>dedita</span> <span class='ocrx_word' id='word_1_170' title='bbox 1367 2133 1519 2180; x_wconf 85' lang='lat' dir='ltr'>opera</span> <span class='ocrx_word' id='word_1_171' title='bbox 1555 2116 1853 2180; x_wconf 83' lang='lat' dir='ltr'>designavit,</span> <span class='ocrx_word' id='word_1_172' title='bbox 1888 2117 1996 2164; x_wconf 81' lang='lat' dir='ltr'>fieri</span> <span class='ocrx_word' id='word_1_173' title='bbox 2031 2118 2194 2182; x_wconf 89' lang='lat' dir='ltr'>potuit</span> <span class='ocrx_word' id='word_1_174' title='bbox 2225 2117 2449 2180; x_wconf 78' lang='lat' dir='ltr'>profecto</span> <span class='ocrx_word' id='word_1_175' title='bbox 2485 2126 2540 2162; x_wconf 90' lang='lat' dir='ltr'>ut</span> <span class='ocrx_word' id='word_1_176' title='bbox 2575 2132 2633 2162; x_wconf 87' lang='lat' dir='ltr'>ex</span> 
     </span>
     <span class='ocr_line' id='line_1_19' title="bbox 223 2198 2634 2267; baseline -0 -20"><span class='ocrx_word' id='word_1_177' title='bbox 223 2198 602 2249; x_wconf 82' lang='lat' dir='ltr'>Hebdomadum</span> <span class='ocrx_word' id='word_1_178' title='bbox 646 2198 992 2248; x_wconf 77' lang='lat' dir='ltr'>recordatione</span> <span class='ocrx_word' id='word_1_179' title='bbox 1040 2199 1230 2264; x_wconf 87' lang='lat' dir='ltr'>aliquid</span> <span class='ocrx_word' id='word_1_180' title='bbox 1273 2201 1420 2247; x_wconf 86' lang='lat' dir='ltr'>etiam</span> <span class='ocrx_word' id='word_1_181' title='bbox 1472 2201 1523 2247; x_wconf 88' lang='lat' dir='ltr'>in</span> <span class='ocrx_word' id='word_1_182' title='bbox 1572 2203 1744 2247; x_wconf 87' lang='lat' dir='ltr'>ceteris</span> <span class='ocrx_word' id='word_1_183' title='bbox 1786 2202 2009 2265; x_wconf 87' lang='lat' dir='ltr'>partibus</span> <span class='ocrx_word' id='word_1_184' title='bbox 2053 2201 2329 2267; x_wconf 85' lang='lat' dir='ltr'>proficeret.</span> <span class='ocrx_word' id='word_1_185' title='bbox 2417 2201 2526 2247; x_wconf 89' lang='lat' dir='ltr'>Non</span> <span class='ocrx_word' id='word_1_186' title='bbox 2570 2199 2634 2246; x_wconf 89' lang='lat' dir='ltr'>de</span> 
     </span>
     <span class='ocr_line' id='line_1_20' title="bbox 228 2270 2635 2350; baseline 0 -20"><span class='ocrx_word' id='word_1_187' title='bbox 228 2282 407 2347; x_wconf 87' lang='lat' dir='ltr'>talibus</span> <span class='ocrx_word' id='word_1_188' title='bbox 440 2284 605 2347; x_wconf 89' lang='lat' dir='ltr'>potius</span> <span class='ocrx_word' id='word_1_189' title='bbox 640 2299 772 2330; x_wconf 91' lang='lat' dir='ltr'>nunc</span> <span class='ocrx_word' id='word_1_190' title='bbox 806 2283 1078 2346; x_wconf 81' lang='lat' dir='ltr'>cogitamus</span> <span class='ocrx_word' id='word_1_191' title='bbox 1112 2284 1258 2349; x_wconf 88' lang='lat' dir='ltr'>quale</span> <span class='ocrx_word' id='word_1_192' title='bbox 1277 2293 1349 2332; x_wconf 89' lang='lat' dir='ltr'>est</span> <span class='ocrx_word' id='word_1_193' title='bbox 1375 2280 1514 2348; x_wconf 86' lang='lat' dir='ltr'>quod</span> <span class='ocrx_word' id='word_1_194' title='bbox 1535 2270 1648 2349; x_wconf 90' lang='lat' dir='ltr'>post</span> <span class='ocrx_word' id='word_1_195' title='bbox 1668 2285 1842 2332; x_wconf 78' lang='lat' dir='ltr'>factam</span> <span class='ocrx_word' id='word_1_196' title='bbox 1865 2287 2044 2350; x_wconf 85' lang='lat' dir='ltr'>Apellis</span> <span class='ocrx_word' id='word_1_197' title='bbox 2064 2285 2364 2333; x_wconf 86' lang='lat' dir='ltr'>mentionem</span> <span class='ocrx_word' id='word_1_198' title='bbox 2397 2292 2635 2349; x_wconf 89' lang='lat' dir='ltr'>quattuor</span> 
     </span>
    </p>

    <p class='ocr_par' dir='ltr' id='par_1_3' title="bbox 143 2356 2633 2518">
     <span class='ocr_line' id='line_1_21' title="bbox 143 2356 2633 2432; baseline 0.001 -19"><span class='ocrx_word' id='word_1_199' title='bbox 143 2356 148 2368; x_wconf 70' lang='lat'><em>&#39;</em></span> <span class='ocrx_word' id='word_1_200' title='bbox 210 2365 435 2430; x_wconf 65' lang='lat' dir='ltr'>&#39;pictores</span> <span class='ocrx_word' id='word_1_201' title='bbox 487 2369 512 2419; x_wconf 85' lang='lat'>§</span> <span class='ocrx_word' id='word_1_202' title='bbox 551 2366 645 2414; x_wconf 79' lang='lat'>126</span> <span class='ocrx_word' id='word_1_203' title='bbox 692 2366 894 2413; x_wconf 87' lang='lat' dir='ltr'>sociavit</span> <span class='ocrx_word' id='word_1_204' title='bbox 928 2366 1223 2432; x_wconf 80' lang='lat' dir='ltr'>Aristidem,</span> <span class='ocrx_word' id='word_1_205' title='bbox 1254 2367 1661 2430; x_wconf 80' lang='lat' dir='ltr'>Timomachum,</span> <span class='ocrx_word' id='word_1_206' title='bbox 1699 2368 2018 2431; x_wconf 81' lang='lat' dir='ltr'>Bularchu&#39;m,</span> <span class='ocrx_word' id='word_1_207' title='bbox 2064 2370 2388 2432; x_wconf 88' lang='lat' dir='ltr'>Protogenem</span> <span class='ocrx_word' id='word_1_208' title='bbox 2425 2383 2454 2415; x_wconf 87' lang='lat' dir='ltr'>a</span> <span class='ocrx_word' id='word_1_209' title='bbox 2488 2384 2633 2432; x_wconf 88' lang='lat' dir='ltr'>prae-</span> 
     </span>
     <span class='ocr_line' id='line_1_22' title="bbox 224 2448 2630 2518; baseline 0.002 -23"><span class='ocrx_word' id='word_1_210' title='bbox 224 2448 401 2496; x_wconf 86' lang='lat' dir='ltr'>stantia</span> <span class='ocrx_word' id='word_1_211' title='bbox 432 2457 486 2498; x_wconf 81' lang='lat' dir='ltr'>—et</span> <span class='ocrx_word' id='word_1_212' title='bbox 519 2449 718 2497; x_wconf 88' lang='lat' dir='ltr'>caritate</span> <span class='ocrx_word' id='word_1_213' title='bbox 762 2450 1037 2498; x_wconf 83' lang='lat' dir='ltr'>tabularum</span> <span class='ocrx_word' id='word_1_214' title='bbox 1082 2451 1346 2503; x_wconf 86' lang='lat' dir='ltr'>notabiles:</span> <span class='ocrx_word' id='word_1_215' title='bbox 1403 2468 1550 2518; x_wconf 87' lang='lat' dir='ltr'>quam</span> <span class='ocrx_word' id='word_1_216' title='bbox 1589 2451 1652 2500; x_wconf 91' lang='lat' dir='ltr'>de</span> <span class='ocrx_word' id='word_1_217' title='bbox 1688 2452 1764 2498; x_wconf 91' lang='lat' dir='ltr'>illa</span> <span class='ocrx_word' id='word_1_218' title='bbox 1800 2452 2015 2517; x_wconf 87' lang='lat' dir='ltr'>capitum</span> <span class='ocrx_word' id='word_1_219' title='bbox 2054 2450 2331 2499; x_wconf 87' lang='lat' dir='ltr'>diversitate</span> <span class='ocrx_word' id='word_1_220' title='bbox 2363 2467 2630 2516; x_wconf 88' lang='lat' dir='ltr'>rerumque</span> 
     </span>
    </p>

    <p class='ocr_par' dir='ltr' id='par_1_4' title="bbox 176 2521 2634 2684">
     <span class='ocr_line' id='line_1_23' title="bbox 176 2521 2631 2600; baseline 0.002 -24"><span class='ocrx_word' id='word_1_221' title='bbox 176 2521 179 2525; x_wconf 29' lang='lat'>³</span> <span class='ocrx_word' id='word_1_222' title='bbox 225 2527 657 2594; x_wconf 82' lang='lat' dir='ltr'>dissimillimarum</span> <span class='ocrx_word' id='word_1_223' title='bbox 709 2534 969 2598; x_wconf 83' lang='lat' dir='ltr'>congerie,</span> <span class='ocrx_word' id='word_1_224' title='bbox 1012 2534 1154 2582; x_wconf 88' lang='lat' dir='ltr'>cuius</span> <span class='ocrx_word' id='word_1_225' title='bbox 1196 2524 1393 2583; x_wconf 85' lang='lat' dir='ltr'>initium</span> <span class='ocrx_word' id='word_1_226' title='bbox 1431 2535 1488 2582; x_wconf 84' lang='lat' dir='ltr'>fit</span> <span class='ocrx_word' id='word_1_227' title='bbox 1521 2540 1546 2590; x_wconf 83' lang='lat'>§</span> <span class='ocrx_word' id='word_1_228' title='bbox 1582 2539 1663 2584; x_wconf 85' lang='lat'>33.</span> <span class='ocrx_word' id='word_1_229' title='bbox 1742 2534 1880 2583; x_wconf 90' lang='lat' dir='ltr'>Vnde</span> <span class='ocrx_word' id='word_1_230' title='bbox 1911 2545 2107 2600; x_wconf 84' lang='lat' dir='ltr'>praesto</span> <span class='ocrx_word' id='word_1_231' title='bbox 2142 2544 2254 2583; x_wconf 88' lang='lat' dir='ltr'>sunt</span> <span class='ocrx_word' id='word_1_232' title='bbox 2289 2539 2368 2592; x_wconf 83' lang='lat' dir='ltr'>(ut</span> <span class='ocrx_word' id='word_1_233' title='bbox 2403 2535 2631 2584; x_wconf 88' lang='lat' dir='ltr'>ordinem</span> 
     </span>
     <span class='ocr_line' id='line_1_24' title="bbox 222 2612 2634 2688; baseline 0.004 -30"><span class='ocrx_word' id='word_1_234' title='bbox 222 2612 501 2663; x_wconf 83' lang='lat' dir='ltr'>Plinianum</span> <span class='ocrx_word' id='word_1_235' title='bbox 521 2617 788 2688; x_wconf 81' lang='lat' dir='ltr'>servemus)</span> <span class='ocrx_word' id='word_1_236' title='bbox 812 2634 913 2669; x_wconf 68' lang='lat' dir='ltr'>nen</span> <span class='ocrx_word' id='word_1_237' title='bbox 938 2627 1175 2668; x_wconf 84' lang='lat' dir='ltr'>consueto</span> <span class='ocrx_word' id='word_1_238' title='bbox 1198 2628 1341 2683; x_wconf 85' lang='lat' dir='ltr'>partu</span> <span class='ocrx_word' id='word_1_239' title='bbox 1369 2619 1508 2681; x_wconf 87' lang='lat' dir='ltr'>editi,</span> <span class='ocrx_word' id='word_1_240' title='bbox 1533 2620 1725 2670; x_wconf 85' lang='lat' dir='ltr'>insolita</span> <span class='ocrx_word' id='word_1_241' title='bbox 1745 2621 1969 2684; x_wconf 85' lang='lat' dir='ltr'>corporis</span> <span class='ocrx_word' id='word_1_242' title='bbox 1999 2620 2072 2666; x_wconf 85' lang='lat' dir='ltr'>vel</span> <span class='ocrx_word' id='word_1_243' title='bbox 2105 2619 2257 2684; x_wconf 86' lang='lat' dir='ltr'>figura</span> <span class='ocrx_word' id='word_1_244' title='bbox 2293 2621 2368 2667; x_wconf 88' lang='lat' dir='ltr'>vel</span> <span class='ocrx_word' id='word_1_245' title='bbox 2405 2635 2634 2668; x_wconf 87' lang='lat' dir='ltr'>mensura</span> 
     </span>
    </p>

    <p class='ocr_par' dir='ltr' id='par_1_5' title="bbox 143 2696 2632 3020">
     <span class='ocr_line' id='line_1_25' title="bbox 143 2696 2632 2769; baseline 0.002 -25"><span class='ocrx_word' id='word_1_246' title='bbox 143 2709 145 2711; x_wconf 85' lang='grc'><strong><em>·</em></strong></span> <span class='ocrx_word' id='word_1_247' title='bbox 223 2696 300 2745; x_wconf 87' lang='lat' dir='ltr'>vel</span> <span class='ocrx_word' id='word_1_248' title='bbox 333 2697 564 2746; x_wconf 82' lang='lat' dir='ltr'>firmitate</span> <span class='ocrx_word' id='word_1_249' title='bbox 600 2709 683 2749; x_wconf 87' lang='lat' dir='ltr'>aut</span> <span class='ocrx_word' id='word_1_250' title='bbox 717 2700 1001 2750; x_wconf 84' lang='lat' dir='ltr'>infirmitate</span> <span class='ocrx_word' id='word_1_251' title='bbox 1036 2703 1111 2750; x_wconf 90' lang='lat' dir='ltr'>vel</span> <span class='ocrx_word' id='word_1_252' title='bbox 1145 2703 1380 2767; x_wconf 84' lang='lat' dir='ltr'>patientia</span> <span class='ocrx_word' id='word_1_253' title='bbox 1411 2705 1640 2769; x_wconf 87' lang='lat' dir='ltr'>insignes,</span> <span class='ocrx_word' id='word_1_254' title='bbox 1675 2720 1912 2765; x_wconf 85' lang='lat' dir='ltr'>cursores,</span> <span class='ocrx_word' id='word_1_255' title='bbox 1948 2704 2202 2751; x_wconf 89' lang='lat' dir='ltr'>oculorum</span> <span class='ocrx_word' id='word_1_256' title='bbox 2237 2703 2495 2752; x_wconf 79' lang='lat' dir='ltr'>auditusve</span> <span class='ocrx_word' id='word_1_257' title='bbox 2527 2705 2632 2751; x_wconf 89' lang='lat' dir='ltr'>acie</span> 
     </span>
     <span class='ocr_line' id='line_1_26' title="bbox 221 2779 2632 2853; baseline 0.004 -29"><span class='ocrx_word' id='word_1_258' title='bbox 221 2779 460 2843; x_wconf 74' lang='lat' dir='ltr'>valentes,</span> <span class='ocrx_word' id='word_1_259' title='bbox 500 2799 605 2828; x_wconf 85' lang='lat' dir='ltr'>non</span> <span class='ocrx_word' id='word_1_260' title='bbox 637 2784 811 2830; x_wconf 83' lang='lat' dir='ltr'>usitata</span> <span class='ocrx_word' id='word_1_261' title='bbox 847 2787 908 2831; x_wconf 77' lang='lat' dir='ltr'>vi</span> <span class='ocrx_word' id='word_1_262' title='bbox 926 2788 1197 2853; x_wconf 81' lang='lat' dir='ltr'>memoriae</span> <span class='ocrx_word' id='word_1_263' title='bbox 1233 2787 1476 2851; x_wconf 85' lang='lat' dir='ltr'>praediti.</span> <span class='ocrx_word' id='word_1_264' title='bbox 1510 2798 1703 2853; x_wconf 88' lang='lat' dir='ltr'>praesto</span> <span class='ocrx_word' id='word_1_265' title='bbox 1735 2796 1853 2833; x_wconf 76' lang='lat' dir='ltr'>sunt</span> <span class='ocrx_word' id='word_1_266' title='bbox 1886 2788 2107 2850; x_wconf 79' lang='lat' dir='ltr'>exempla</span> <span class='ocrx_word' id='word_1_267' title='bbox 2141 2786 2472 2849; x_wconf 76' lang='lat' dir='ltr'>fortitudinis,</span> <span class='ocrx_word' id='word_1_268' title='bbox 2511 2803 2632 2852; x_wconf 87' lang='lat' dir='ltr'>pro-</span> 
     </span>
     <span class='ocr_line' id='line_1_27' title="bbox 221 2859 2631 2937; baseline 0.005 -30"><span class='ocrx_word' id='word_1_269' title='bbox 221 2859 412 2925; x_wconf 79' lang='lat' dir='ltr'>bitatis,</span> <span class='ocrx_word' id='word_1_270' title='bbox 455 2865 754 2932; x_wconf 81' lang='lat' dir='ltr'>pudicitiae,</span> <span class='ocrx_word' id='word_1_271' title='bbox 802 2869 1025 2933; x_wconf 79' lang='lat' dir='ltr'>pietatis,</span> <span class='ocrx_word' id='word_1_272' title='bbox 1075 2871 1193 2919; x_wconf 86' lang='lat' dir='ltr'>item</span> <span class='ocrx_word' id='word_1_273' title='bbox 1238 2873 1404 2919; x_wconf 80' lang='lat' dir='ltr'>variae</span> <span class='ocrx_word' id='word_1_274' title='bbox 1435 2873 1487 2920; x_wconf 88' lang='lat' dir='ltr'>in</span> <span class='ocrx_word' id='word_1_275' title='bbox 1523 2870 1745 2935; x_wconf 84' lang='lat' dir='ltr'>degenda</span> <span class='ocrx_word' id='word_1_276' title='bbox 1776 2880 1934 2918; x_wconf 84' lang='lat' dir='ltr'>aetate</span> <span class='ocrx_word' id='word_1_277' title='bbox 1963 2870 2233 2933; x_wconf 76' lang='lat' dir='ltr'>felicitatis,</span> <span class='ocrx_word' id='word_1_278' title='bbox 2278 2872 2631 2937; x_wconf 79' lang='lat' dir='ltr'>longaevitatis,</span> 
     </span>
     <span class='ocr_line' id='line_1_28' title="bbox 202 2950 2626 3020; baseline 0.005 -30"><span class='ocrx_word' id='word_1_279' title='bbox 202 2958 453 3012; x_wconf 51' lang='lat' dir='ltr'>¹generum</span> <span class='ocrx_word' id='word_1_280' title='bbox 486 2950 682 2998; x_wconf 83' lang='lat' dir='ltr'>mortis:</span> <span class='ocrx_word' id='word_1_281' title='bbox 731 2962 933 3019; x_wconf 85' lang='lat' dir='ltr'>praesto</span> <span class='ocrx_word' id='word_1_282' title='bbox 977 2963 1049 3001; x_wconf 86' lang='lat' dir='ltr'>est</span> <span class='ocrx_word' id='word_1_283' title='bbox 1096 2953 1316 3020; x_wconf 89' lang='lat' dir='ltr'>denique</span> <span class='ocrx_word' id='word_1_284' title='bbox 1368 2955 1418 3002; x_wconf 87' lang='lat' dir='ltr'>in</span> <span class='ocrx_word' id='word_1_285' title='bbox 1470 2955 1655 3003; x_wconf 73' lang='lat' dir='ltr'>deliciis</span> <span class='ocrx_word' id='word_1_286' title='bbox 1691 2954 1922 3003; x_wconf 89' lang='lat' dir='ltr'>habitum</span> <span class='ocrx_word' id='word_1_287' title='bbox 1952 2958 2102 3018; x_wconf 82' lang='lat' dir='ltr'>caput&#39;</span> <span class='ocrx_word' id='word_1_288' title='bbox 2134 2954 2280 3020; x_wconf 86' lang='lat' dir='ltr'>longe</span> <span class='ocrx_word' id='word_1_289' title='bbox 2315 2955 2626 3004; x_wconf 90' lang='lat' dir='ltr'>uberrimum</span> 
     </span>
    </p>

    <p class='ocr_par' dir='ltr' id='par_1_6' title="bbox 143 3017 2629 3187">
     <span class='ocr_line' id='line_1_29' title="bbox 143 3017 2629 3106; baseline 0.004 -30"><span class='ocrx_word' id='word_1_290' title='bbox 143 3098 157 3106; x_wconf 20' lang='grc' dir='ltr'>λ</span> <span class='ocrx_word' id='word_1_291' title='bbox 221 3026 360 3099; x_wconf 84' lang='lat' dir='ltr'>quod</span> <span class='ocrx_word' id='word_1_292' title='bbox 396 3038 468 3076; x_wconf 88' lang='lat' dir='ltr'>est</span> <span class='ocrx_word' id='word_1_293' title='bbox 498 3017 563 3079; x_wconf 84' lang='lat' dir='ltr'>d&#39;e</span> <span class='ocrx_word' id='word_1_294' title='bbox 598 3034 952 3086; x_wconf 80' lang='lat' dir='ltr'>inventoribus</span> <span class='ocrx_word' id='word_1_295' title='bbox 1028 3039 1279 3086; x_wconf 85' lang='lat' dir='ltr'>Praeterea</span> <span class='ocrx_word' id='word_1_296' title='bbox 1304 3039 1524 3086; x_wconf 86' lang='lat' dir='ltr'>locorum</span> <span class='ocrx_word' id='word_1_297' title='bbox 1560 3039 1901 3086; x_wconf 83' lang='lat' dir='ltr'>communium</span> <span class='ocrx_word' id='word_1_298' title='bbox 1940 3037 2306 3087; x_wconf 84' lang='lat' dir='ltr'>multitudinem</span> <span class='ocrx_word' id='word_1_299' title='bbox 2342 3038 2629 3088; x_wconf 85' lang='lat' dir='ltr'>Hebdoma-</span> 
     </span>
     <span class='ocr_line' id='line_1_30' title="bbox 221 3106 2628 3199; baseline 0.001 -32"><span class='ocrx_word' id='word_1_300' title='bbox 221 3106 305 3156; x_wconf 68' lang='lat'>‘1¹⁸‘</span> <span class='ocrx_word' id='word_1_301' title='bbox 330 3121 557 3180; x_wconf 63' lang='lat' dir='ltr'>aptorum</span> <span class='ocrx_word' id='word_1_302' title='bbox 586 3111 721 3171; x_wconf 62' lang='lat' dir='ltr'>facili</span> <span class='ocrx_word' id='word_1_303' title='bbox 758 3121 955 3186; x_wconf 83' lang='lat' dir='ltr'>negotio</span> <span class='ocrx_word' id='word_1_304' title='bbox 991 3135 1018 3172; x_wconf 79' lang='lat' dir='ltr'>e</span> <span class='ocrx_word' id='word_1_305' title='bbox 1048 3122 1262 3190; x_wconf 83' lang='lat' dir='ltr'>Valerio</span> <span class='ocrx_word' id='word_1_306' title='bbox 1273 3123 1480 3177; x_wconf 66' lang='lat' dir='ltr'>Maximo</span> <span class='ocrx_word' id='word_1_307' title='bbox 1516 3138 1801 3184; x_wconf 83' lang='lat' dir='ltr'>coacerves,</span> <span class='ocrx_word' id='word_1_308' title='bbox 1833 3122 2119 3199; x_wconf 80' lang='lat' dir='ltr'>praesertim</span> <span class='ocrx_word' id='word_1_309' title='bbox 2152 3123 2192 3169; x_wconf 88' lang='lat' dir='ltr'>si</span> <span class='ocrx_word' id='word_1_310' title='bbox 2231 3122 2282 3171; x_wconf 90' lang='lat' dir='ltr'>in</span> <span class='ocrx_word' id='word_1_311' title='bbox 2318 3138 2512 3170; x_wconf 85' lang='lat' dir='ltr'>morum</span> <span class='ocrx_word' id='word_1_312' title='bbox 2548 3121 2628 3170; x_wconf 89' lang='lat' dir='ltr'>di-</span> 
     </span>
    </p>

    <p class='ocr_par' dir='ltr' id='par_1_7' title="bbox 169 3192 2636 3441">
     <span class='ocr_line' id='line_1_31' title="bbox 169 3192 2629 3283; baseline -0.003 -25"><span class='ocrx_word' id='word_1_313' title='bbox 169 3247 171 3249; x_wconf 24' lang='lat' dir='ltr'>v</span> <span class='ocrx_word' id='word_1_314' title='bbox 219 3192 473 3258; x_wconf 70' lang='lat' dir='ltr'>⁸⁰¹l³¹⁴⁰⁸m</span> <span class='ocrx_word' id='word_1_315' title='bbox 488 3196 768 3253; x_wconf 11' lang='lat' dir='ltr'>&amp;Varronem</span> <span class='ocrx_word' id='word_1_316' title='bbox 799 3203 998 3283; x_wconf 74' lang='lat' dir='ltr'>longius</span> <span class='ocrx_word' id='word_1_317' title='bbox 1009 3207 1330 3269; x_wconf 67' lang='lat' dir='ltr'>exspatiatum</span> <span class='ocrx_word' id='word_1_318' title='bbox 1363 3204 1647 3255; x_wconf 84' lang='lat' dir='ltr'>credideris.</span> <span class='ocrx_word' id='word_1_319' title='bbox 1683 3206 1840 3254; x_wconf 84' lang='lat' dir='ltr'>Adde</span> <span class='ocrx_word' id='word_1_320' title='bbox 1848 3206 1972 3254; x_wconf 77' lang='lat' dir='ltr'>vitae</span> <span class='ocrx_word' id='word_1_321' title='bbox 1990 3204 2315 3256; x_wconf 80' lang='lat' dir='ltr'>condiciones</span> <span class='ocrx_word' id='word_1_322' title='bbox 2344 3205 2629 3269; x_wconf 80' lang='lat' dir='ltr'>singulares,</span> 
     </span>
     <span class='ocr_line' id='line_1_32' title="bbox 220 3281 2627 3355; baseline 0.005 -30"><span class='ocrx_word' id='word_1_323' title='bbox 220 3288 350 3342; x_wconf 73' lang='lat' dir='ltr'>quae</span> <span class='ocrx_word' id='word_1_324' title='bbox 384 3291 476 3328; x_wconf 74' lang='lat' dir='ltr'>uec</span> <span class='ocrx_word' id='word_1_325' title='bbox 498 3281 658 3330; x_wconf 84' lang='lat' dir='ltr'>nullo</span> <span class='ocrx_word' id='word_1_326' title='bbox 712 3295 807 3334; x_wconf 70' lang='lat' dir='ltr'>mc</span> <span class='ocrx_word' id='word_1_327' title='bbox 841 3288 1077 3351; x_wconf 64' lang='lat' dir='ltr'>proxime</span> <span class='ocrx_word' id='word_1_328' title='bbox 1105 3306 1239 3339; x_wconf 77' lang='lat' dir='ltr'>eum</span> <span class='ocrx_word' id='word_1_329' title='bbox 1259 3290 1405 3355; x_wconf 66' lang='lat' dir='ltr'>ipsis</span> <span class='ocrx_word' id='word_1_330' title='bbox 1422 3290 1608 3339; x_wconf 80' lang='lat' dir='ltr'>artibus</span> <span class='ocrx_word' id='word_1_331' title='bbox 1639 3300 1692 3339; x_wconf 89' lang='lat' dir='ltr'>et</span> <span class='ocrx_word' id='word_1_332' title='bbox 1723 3291 1896 3339; x_wconf 82' lang='lat' dir='ltr'>litteris</span> <span class='ocrx_word' id='word_1_333' title='bbox 1924 3291 2126 3340; x_wconf 61' lang='lat' dir='ltr'>vinculo</span> <span class='ocrx_word' id='word_1_334' title='bbox 2162 3291 2481 3340; x_wconf 77' lang='lat' dir='ltr'>coniunctae</span> <span class='ocrx_word' id='word_1_335' title='bbox 2489 3300 2627 3339; x_wconf 85' lang='lat' dir='ltr'>suut:</span> 
     </span>
     <span class='ocr_line' id='line_1_33' title="bbox 221 3363 2636 3441; baseline 0.005 -32"><span class='ocrx_word' id='word_1_336' title='bbox 221 3374 328 3410; x_wconf 77' lang='lat' dir='ltr'>nee&#39;</span> <span class='ocrx_word' id='word_1_337' title='bbox 350 3363 488 3411; x_wconf 77' lang='lat' dir='ltr'>enim·</span> <span class='ocrx_word' id='word_1_338' title='bbox 522 3366 1000 3435; x_wconf 50' lang='lat' dir='ltr'>dagis-&#39;et&#39;watibuq‘</span> <span class='ocrx_word' id='word_1_339' title='bbox 1030 3374 1384 3441; x_wconf 64' lang='lat' dir='ltr'>ehmmol&#39;o&#39;gis</span> <span class='ocrx_word' id='word_1_340' title='bbox 1410 3386 1527 3423; x_wconf 77' lang='lat' dir='ltr'>&#39;cum</span> <span class='ocrx_word' id='word_1_341' title='bbox 1552 3374 1765 3440; x_wconf 72' lang='lat' dir='ltr'>sibyllis,</span> <span class='ocrx_word' id='word_1_342' title='bbox 1796 3374 2153 3439; x_wconf 71' lang='lat' dir='ltr'>sacerdotibus,</span> <span class='ocrx_word' id='word_1_343' title='bbox 2185 3372 2347 3440; x_wconf 74' lang='lat' dir='ltr'>legum</span> <span class='ocrx_word' id='word_1_344' title='bbox 2380 3374 2636 3429; x_wconf 66' lang='lat' dir='ltr'>latoribus,</span> 
     </span>
    </p>
   </div>
   <div class='ocr_carea' id='block_1_3' title="bbox 0 2383 32 3379">
    <p class='ocr_par' dir='ltr' id='par_1_8' title="bbox 0 2383 32 3379">
     <span class='ocr_line' id='line_1_34' title="bbox 0 2383 32 3379; baseline 0 0"><span class='ocrx_word' id='word_1_345' title='bbox 0 2383 32 3379; x_wconf 95' lang='lat' dir='ltr'> </span> 
     </span>
    </p>
   </div>
   <div class='ocr_carea' id='block_1_4' title="bbox 0 3452 169 3642">
    <p class='ocr_par' dir='ltr' id='par_1_9' title="bbox 0 3452 169 3642">
     <span class='ocr_line' id='line_1_35' title="bbox 0 3452 169 3642; baseline 0 0"><span class='ocrx_word' id='word_1_346' title='bbox 0 3452 169 3642; x_wconf 95' lang='lat' dir='ltr'> </span> 
     </span>
    </p>
   </div>
   <div class='ocr_carea' id='block_1_5' title="bbox 2890 3 2939 141">
    <p class='ocr_par' dir='ltr' id='par_1_10' title="bbox 2890 3 2939 182">
     <span class='ocr_line' id='line_1_36' title="bbox 2890 77 2897 80; textangle 90"><span class='ocrx_word' id='word_1_347' title='bbox 2890 77 2897 80; x_wconf 57' lang='lat'><em>1</em></span> 
     </span>
     <span class='ocr_line' id='line_1_37' title="bbox 2896 3 2939 141; textangle 90"><span class='ocrx_word' id='word_1_348' title='bbox 2896 3 2939 141; x_wconf 29' lang='grc' dir='ltr'><strong>,ιζπερὶ-ι’·</strong></span> 
     </span>
    </p>
   </div>
  </div>
 </body>
</html>
