2964 3642
482 654 1196 767 VNIVERSITATIS
1237 670 1803 735 FRIDERICIAE
1844 672 2382 803 GVILELMIAE

906 786 912 800 Χ
1077 787 1142 850 R
1188 779 1267 893 H
1293 787 1367 855 E
1387 785 1446 847 N
1491 790 1547 847 A
1589 783 1653 845 N
1694 787 1753 844 A
1797 784 1850 845 E

257 942 1177 1038 BRUTOR
1303 931 1538 1020 ΕΤ
1655 974 1659 978 ¹
1661 946 2617 1024 SENATVS

987 1094 1926 1162 COMMILITONIBVS

1432 1211 1479 1259 S.

416 1351 483 1399 M.
513 1351 823 1399 Varronis
856 1349 1007 1396 libri
1043 1349 1149 1413 qui
1177 1348 1614 1396 inscribuntur
1649 1346 2085 1397 hebdomades
2117 1348 2212 1393 vel
2253 1346 2329 1395 de
2364 1349 2669 1415 imagini-

252 1437 334 1483 bu
355 1451 378 1483 s
431 1435 600 1495 (verba
632 1444 746 1483 sunt
782 1433 923 1482 Gellii
958 1432 1036 1495 lll,
1075 1437 1153 1490 10)
1190 1432 1314 1498 quid
1349 1431 1481 1481 dotis
1513 1434 1752 1481 litteratae
1784 1433 2089 1495 habuissent,
2124 1432 2335 1480 breviter
2368 1432 2672 1499 disputatum

257 1529 331 1569 est
361 1518 514 1581 Musei
550 1518 704 1566 nostri
737 1516 1024 1582 philologici
1060 1516 1158 1564 vol.
1194 1515 1270 1579 Vl,
1300 1533 1350 1581 p.
1378 1520 1474 1565 513
1497 1534 1591 1582 sq.,
1626 1533 1727 1581 quo
1764 1526 1929 1565 autem
1967 1515 2144 1564 ordine
2179 1514 2463 1565 viderentur
2497 1517 2671 1585 dispo-

256 1603 542 1664 siti'l'uisse,
587 1602 780 1664 ¹futurae
817 1601 1113 1666 ,quaestioni
1164 1610 1481 1649 reservatum.
1560 1601 1717 1667 quue
1752 1603 1881 1649 bene
1917 1600 2126 1649 factum:
2162 1618 2275 1648 nam
2311 1617 2441 1663 cum,
2476 1613 2530 1650 ut
2562 1613 2669 1653 tum

255 1703 334 1735 res
373 1696 495 1750 erat,
527 1685 827 1752 Imaginibus
861 1684 1188 1749 Hieronymus
1224 1701 1324 1732 non
1361 1695 1528 1749 posset
1563 1702 1670 1733 non
1702 1684 1835 1733 credi
1869 1702 2023 1733 unum
2053 1694 2102 1732 et
2127 1684 2485 1749 quinquaginta
2519 1687 2673 1737 libros

253 1771 489 1832 tribuere,
522 1769 829 1818 fallacissimo
866 1767 1189 1817 fundamento
1226 1768 1389 1816 omnis
1422 1769 1802 1838 superstruenda
1837 1769 2105 1835 disputatio
2150 1769 2319 1816 fuerat.
2401 1770 2501 1818 Soli
2533 1774 2668 1839 enim

256 1855 428 1904 calami
461 1854 615 1902 errori
647 1853 868 1904 Thomae
903 1853 1172 1918 Phillipps,
1213 1853 1291 1899 cui
1324 1850 1542 1917 Catalogi
1576 1853 1945 1918 Hieronymiani
1984 1853 2259 1917 exemplum
2297 1862 2554 1918 acceptum
2593 1872 2674 1903 re-

252 1937 516 2000 ferebatur,
544 1936 681 1984 illum
721 1952 983 1984 numerum
1017 1935 1191 1984 deberi
1226 1936 1392 2001 paullo
1429 1936 1543 2001 post
1572 1937 1870 1985 intellectum
1898 1945 1986 1997 est,
2014 1952 2124 1984 cum
2148 1938 2341 2001 Augusti
2364 1936 2669 1987 Schleicheri

258 2022 413 2069 nostri
459 2019 705 2066 beneficio
741 2020 1053 2083 investigatus
1100 2020 1152 2066 in
1200 2019 1506 2067 bibliotheca
1543 2020 1846 2066 Atrebatensi
1880 2018 2037 2066 codex
2066 2019 2289 2083 Origenis
2329 2037 2430 2067 non
2466 2020 2548 2083 LI,
2582 2021 2672 2069 sed

257 2103 339 2153 XV
371 2103 525 2152 libros
560 2105 889 2152 Varronianos
926 2103 1240 2151 monstravit:
1294 2101 1346 2150 id
1395 2102 1534 2167 quod
1571 2120 1672 2150 non
1707 2119 1872 2150 sumus
1906 2103 2119 2150 cunctati
2157 2103 2354 2167 publice
2386 2120 2583 2152 narrare
2619 2105 2672 2153 in

253 2182 518 2254 prooemio
549 2186 826 2235 scholarum
863 2204 954 2253 per
987 2187 1206 2235 hiemem
1242 2188 1361 2235 anni
1400 2184 1545 2236 1849.
1582 2187 1634 2234 in
1669 2187 1761 2234 hac
1784 2188 2100 2235 universitate
2130 2188 2427 2236 habitarum.
2500 2189 2668 2237 Fidem

256 2268 557 2320 Schleicheri
592 2288 695 2319 non
732 2281 955 2336 egentem
996 2270 1310 2333 firmamento
1348 2270 1659 2318 confirmavit
1697 2287 1937 2335 nuperum
1974 2273 2311 2320 testimonium
2347 2274 2383 2320 l.
2419 2275 2469 2320 Β.
2492 2275 2670 2336 Pitrae,

263 2355 453 2405 ordinis
485 2355 533 2404 S.
569 2354 823 2403 Benedicti
860 2373 887 2404 e
924 2356 1302 2421 congregatione
1335 2354 1520 2403 Gallica
1567 2355 1824 2403 monachi:
1887 2357 1975 2421 qui
2011 2372 2208 2420 prorsus
2242 2356 2437 2420 ignarus
2476 2367 2669 2407 nostrae

251 2439 519 2492 industriae
553 2439 839 2505 Hieronymi
875 2437 1063 2485 indices
1098 2454 1156 2484 ex
1191 2439 1497 2485 Atrebatensi
1533 2427 1661 2485 libro
1699 2437 1865 2486 denuo
1898 2440 2107 2506 vulgavit
2141 2441 2190 2487 in
2226 2440 2475 2507 spicilegii
2509 2442 2671 2490 Soles-

254 2525 437 2570 mensis
469 2533 610 2571 tomo
628 2523 707 2569 111.
745 2525 973 2588 proximo
1008 2540 1140 2570 anno
1177 2522 1374 2569 Parisiis
1401 2522 1623 2586 prodito,
1647 2538 1673 2568 a
1695 2539 1739 2586 p.
1762 2526 1878 2585 311,
1917 2524 2060 2569 simul
2097 2516 2421 2571 adnotatione
2457 2525 2668 2588 adiecta,

257 2623 286 2654 e
320 2622 547 2669 quanos
581 2606 785 2671 quidem
818 2608 871 2653 in
897 2605 1161 2653 Germania
1196 2604 1319 2652 nihil
1350 2603 1595 2652 discamus
1631 2606 1722 2651 nisi
1760 2621 1909 2668 quam
1950 2606 2101 2652 multa
2136 2621 2241 2652 non
2277 2606 2545 2654 didicerint
2579 2610 2668 2672 qui

254 2690 449 2739 easdem
484 2691 742 2740 nobiscum
776 2691 961 2740 litteras
999 2699 1133 2740 trans
1170 2689 1396 2738 Rhenum
1429 2698 1654 2739 tractant.

423 2773 492 2822 De
541 2771 717 2823 ordine
769 2783 932 2824 autem
985 2775 1223 2823 librorum
1279 2773 1510 2823 Varronis
1552 2782 1608 2822 ut
1645 2771 1822 2821 ordine
1852 2782 2140 2839 quaeratur,
2175 2790 2203 2822 a
2237 2773 2473 2823 Plinianis
2503 2775 2667 2825 verbis

254 2857 478 2919 quamvis
512 2854 782 2905 decantatis
818 2856 1117 2905 ordiendum
1155 2866 1227 2904 est
1263 2873 1390 2921 quae
1425 2866 1540 2905 sunt
1573 2857 1625 2903 in
1645 2856 1856 2903 Naturae
1887 2857 2203 2904 historiarum
2230 2856 2518 2920 mnxxxv,
2539 2863 2563 2912 §
2588 2863 2665 2905 11.

252 2940 605 3004 (paragraphos
638 2940 908 3006 Silligianas
943 2943 1244 3005 sequ'imur):
1299 2955 1401 2984 non
1437 2940 1600 3003 qualia
1634 2941 1803 3004 vulgus
1836 2941 2074 2985 librorum
2109 2942 2309 2987 exhibet
2351 2943 2413 2988 ab
2443 2943 2667 3009 interpo-

249 3024 406 3070 latore
437 3025 674 3070 nimirum
709 3024 950 3072 adornata
984 3025 1350 3072 incredibilium
1384 3025 1534 3087 {ongo
1571 3038 1631 3068 ex
1664 3031 1892 3089 tempore
1920 3025 2175 3071 turbarum
2215 3042 2540 3093 errorumque
2576 3043 2667 3092 pa-

243 3092 407 3170 rente,
441 3106 529 3155 sed
563 3108 726 3173 qualia
772 3110 904 3157 scius
937 3109 1038 3157 fide
1074 3108 1249 3176 dignus
1283 3107 1654 3172 Bambergensis
1693 3122 1721 3153 a
1755 3106 2004 3155 Ludovico
2041 3111 2163 3159 lano
2200 3119 2482 3176 excerptus:
2526 3109 2671 3158 ‘lma-

243 3176 431 3258 *ginum
466 3206 688 3241 amorem
718 3192 945 3259 flagrasse
982 3192 1240 3259 quondam
1277 3200 1424 3241 testes
1456 3198 1572 3239 sunt
1606 3191 1790 3239 Atticus
1823 3190 1903 3239 ilie
1922 3190 2174 3242 Ciceronis
2208 3191 2346 3243 edito
2383 3193 2446 3243 de
2480 3194 2540 3242 iis
2570 3209 2668 3242 vo-

248 3275 478 3339 ‘tu-nine,
529 3275 590 3324 Μ.
624 3268 776 3326 Varro
819 3278 1175 3344 benignissimo
1227 3279 1433 3327 invento
1464 3273 1663 3324 insertis
1697 3273 2005 3324 voluminum
2039 3293 2243 3326 suorum
2290 3275 2666 3330 fecunditatiuti'i

242 3360 679 3425 ‘septingentorum
694 3360 957 3410 ffimtrium
979 3362 1147 3427 aliquo
1174 3362 1332 3410 modo
1366 3358 1680 3424 imaginibus,
1716 3373 1818 3404 non
1848 3374 2018 3421 passus
2051 3359 2350 3409 intercidere
2373 3359 2552 3426 figuras
2584 3375 2672 3413 aut
