2964 3642
1306 493 1435 641 118,
1456 569 1775 644 Chrysippus,
1797 575 2148 639 Erasistratus,
2177 576 2351 641 Acro,
2370 565 2687 658 Herophilus,-

1075 659 1321 719 &aa
1353 677 1480 733 cum
1503 659 1612 713 aliis
1653 660 1739 726 qui
1774 660 1900 709 11108
1928 673 2201 725 excepere,
2241 676 2343 709 non
2375 670 2543 735 potest
2573 681 2694 717 non

866 731 1176 817 χιιι-,18811111
1198 746 1564 818 septenarium
1562 759 1832 794 numerum
1868 739 2133 809 explentia
2151 743 2356 794 nomina
2407 746 2515 805 illa,
2548 765 2687 817 quae

764 833 1002 905 concisa·
1036 831 1329 893 mentione
1337 829 1625 893 sociantur,
1670 825 1734 876 ad
1773 826 2042 875 Varronem
2090 834 2344 896 auctorem
2389 823 2685 884 reserantur

524 977 543 988 ..
565 948 573 978 5
592 892 729 971 818
716 919 835 987 qui
850 919 1040 989 primus
1065 906 1328 971 1118081101
1344 922 1608 985 praecepta
1642 901 1906 962 clarissime
1939 892 2194 976 condidit',
2230 912 2441 963 Diocli
2476 914 2689 983 Carystii

449 993 653 1065 (ΙΨ
683 1003 859 1061 aetate
871 1002 1122 1073 famaque
1146 989 1846 1061 exstitit‘‚11²raxagorae,
1866 992 2247 1060 Chrysippi,
2287 994 2680 1065 Erasistrati,

262 1100 476 1160 34iercp
489 1088 642 1152 11111,
691 1075 1104 1161 Asclepiadis.
1166 1079 1340 1143 Quod
1382 1081 1461 1149 cui
1498 1095 1601 1128 non
1635 1078 1985 1144 improbabile
1996 1076 2261 1130 videbitne
2275 1080 2346 1139 (et
2379 1081 2679 1133 nominatim

266 1162 361 1240 «ΜΞ
378 1171 666 1223 Van-om
696 1162 973 1237 morem'
1004 1165 1203 1215 21181118
1237 1164 1289 1212 18
1325 1180 1386 1212 80
1420 1164 1531 1228 ipso
1565 1170 1856 1228 argumento
1888 1158 2055 1209 laudat
2085 1165 2111 1215 ς
2149 1159 2228 1220 14)
2243 1198 2266 1225 ,
2292 1162 2441 1212 simul
2474 1165 2683 1218 babebit

180 1316 185 1321 ,
247 1269 372 1342 8111·
393 1261 486 1323 up
478 1247 885 1318 componendis
897 1240 1231 1316 hebdomadis
1270 1264 1377 1300 non
1412 1245 1673 1312 neglexisse
1705 1244 1977 1319 Varronem
2010 1252 2294 1308 temporum
2332 1247 2550 1298 rationes
2583 1251 2681 1301 sibi

307 1348 309 1351 ’
395 1335 405 1348 “
482 1339 487 1344 ’
643 1330 774 1393 Nam
795 1336 994 1400 poetam
1031 1332 1243 1400 quidem
1268 1331 1535 1381 Ausonium
1572 1344 1675 1387 non
1712 1336 1785 1376 est
1811 1316 1995 1376 mirum
2012 1342 2103 1376 suo
2125 1327 2360 1378 arbitratu
2379 1332 2679 1386 architectos

115 1420 132 1466 -i
215 1410 218 1430 ³
236 1387 597 1480 -.'“Varron1anos
608 1433 924 1484 enumerare,
959 1415 1048 1483 qui
1078 1431 1106 1463 8
1138 1405 1423 1495 temperum
1460 1411 1639 1462 ordine
1670 1412 1740 1461 sic
1773 1412 1941 1477 potius
1974 1428 2026 1460 88
2045 1411 2373 1477 excipiebant:
2409 1416 2676 1486 Daedalus,

248 1483 599 1586 ,Chersiphro,
638 1497 847 1563 lctinus,
891 1499 1070 1562 Philo,
1104 1485 1437 1560 Dinochares,
1472 1496 1809 1546 Archimedes:
1847 1496 2053 1562 quando
2088 1496 2151 1544 de
2171 1498 2382 1562 septimo
2400 1501 2677 1556 Menecrate

266 1600 466 1652 prorsus
489 1583 812 1649 incomperta
853 1599 932 1631 res
965 1591 1050 1630 est·
1151 1578 1378 1628 Ceterum
1432 1580 1585 1628 altero
1627 1580 1740 1627 loco
1787 1580 1870 1627 illo
1909 1578 2134 1627 Pliniano
2180 1583 2416 1643 quoniam
2445 1587 2678 1636 Varronis

237 1667 387 1732 ,118111
410 1656 612 1714 'mentio
641 1664 699 1731 fit
721 1663 814 1727 54,
843 1666 892 1714 in
911 1673 1154 1731 promptu
1175 1672 1248 1712 est
1271 1662 1337 1712 de
1359 1663 1735 1728 Disciplinarum
1770 1663 1908 1711 libris
1941 1663 2172 1726 cogitare,
2206 1680 2419 1727 quorum
2459 1677 2675 1735 octavus,

254 1749 357 1816 ’qui'
389 1748 480 1799 fuit
506 1743 589 1797 ‘de
623 1748 899 1812 medicina',
921 1748 1029 1799 illic
1064 1734 1353 1813 explicatam
1386 1747 1641 1801 materiam
1677 1739 1990 1810 suppeditare
2020 1747 2196 1810 potuit.

434 1831 601 1889 Paullo
636 1831 926 1895 etiamplus
955 1831 1092 1894 fidei,
1129 1831 1219 1878 nisi
1247 1830 1474 1892 fallimur,
1508 1829 1960 1877 statuariorum
1993 1828 2268 1877 hebdomas
2302 1831 2455 1880 habet
2476 1834 2674 1886 Henrici

232 1901 236 1902 ’
269 1899 481 1976 annii'·
505 1915 658 1963 nostri
696 1906 922 1969 acumine
957 1914 1184 1979 indagata
1218 1915 1271 1961 in
1288 1911 1474 1961 xxxiv
1506 1914 1635 1974 lum-0
1673 1906 1831 1961 Ριῑιιῑῑ.
1900 1903 2047 1959 cuius
2083 1911 2145 1960 de
2181 1922 2280 1960 arte
2315 1914 2394 1962 ina
2430 1916 2675 1985 clarisque
2755 1952 2758 1955 .

264 2000 317 2048 in
336 2016 395 2048 88
412 1998 681 2048 artificibus
699 1998 823 2053 (n'on
848 1997 911 2046 de
941 1999 1193 2064 operibus)
1228 1997 1411 2046 iudicia
1438 1998 1604 2045 bonae
1629 1996 1776 2062 fmgis
1801 1997 1944 2060 plena
1972 2013 2091 2044 cum
2121 2015 2218 2044 non
2242 1998 2322 2044 alii
2355 2001 2445 2047 nisi
2466 2001 2674 2053 Varroni

241 2080 435 2134 ‘deberi
471 2082 585 2133 satis
601 2084 608 2149 ’ἱ
620 2098 677 2127 88
702 2080 969 2145 disputatio
1008 2082 1303 2145 persuaserit
1335 2078 1485 2145 quani
1518 2081 1568 2126 in
1601 2082 1731 2127 Actis
1747 2080 1854 2127 Soc.
1876 2080 1981 2127 Sax.
2007 2081 2124 2127 anni
2164 2084 2288 2129 1850
2309 2099 2336 2129 a
2358 2099 2467 2148 pag.
2492 2089 2584 2135 127
2608 2088 2674 2136 ad

267 2164 362 2227 136
401 2163 598 2211 Iahnius
633 2150 892 2229 pertexuit,
919 2174 1086 2213 tamen
1123 2166 1202 2213 illa
1238 2164 1378 2230 quod
1413 2182 1440 2211 e
1475 2165 1611 2212 libris
1646 2164 1725 2211 ‘de
1755 2164 2053 2228 proprietate
2071 2161 2378 2230 scriptorum'
2405 2185 2432 2215 a
2453 2171 2678 2221 Varrone

261 2246 403 2294 factis
437 2256 740 2313 repetuntur,
774 2248 826 2295 id
859 2258 1032 2318 suapte
1067 2251 1238 2313 'natura
1269 2250 1335 2295 ita
1369 2257 1706 2314 comparatum
1746 2257 1816 2295 est
1849 2257 1921 2311 ut,
1955 2249 2142 2296 etiamsi
2168 2248 2390 2315 redargui
2422 2262 2555 2302 certa
2583 2254 2674 2304 de·-

218 2327 220 2330 ’
260 2332 620 2378 monstratione
659 2333 896 2396 nequeat,
941 2327 1119 2379 tamen
1160 2348 1221 2382 ne
1256 2340 1416 2380 certae
1450 2330 1897 2393 commendationis
1927 2329 2132 2395 quidem
2169 2332 2438 2396 quicquam
2473 2334 2672 2398 babeat,

262 2414 315 2463 in
349 2422 484 2463 tanta
517 2416 805 2480 praesertim
839 2416 1128 2480 argumenti,
1162 2433 1266 2480 quo
1302 2433 1395 2470 eos»
1425 2416 1574 2476 libros
1609 2414 1749 2463 fuisse
1773 2413 2050 2478 suspiceris,
2084 2414 2393 2463 obscuritate.
2447 2417 2572 2483 Ergo
2608 2421 2675 2467 ab

262 2497 417 2562 ipsius
449 2497 609 2546 lahnii
646 2499 952 2564 expositione
987 2499 1232 2564 profectus
1268 2500 1510 2548 Brunnius
1542 2500 1688 2547 talem
1724 2498 1842 2562 fere,
1876 2499 2072 2564 qualem
2109 2497 2287 2545 nostris
2317 2501 2481 2549 verbis
2515 2504 2674 2568 expli-

263 2590 420 2631 catam
456 2583 770 2646 subiecimus,
798 2580 1224 2632 ratiocinationem
1264 2584 1525 2633 nobiscum
1559 2581 1956 2632 communicavit.
2025 2582 2216 2630 Etenim
2252 2591 2353 2632 tres
2396 2585 2679 2635 tenendum³

262 2652 366 2713 esse
414 2666 576 2731 omnis
616 2664 961 2731 disputationis
996 2665 1246 2715 Plinianae
1283 2674 1443 2730 partes
1478 2683 1602 2729 esse,
1658 2664 1889 2714 discretas
1936 2665 2062 2714 inter
2095 2681 2145 2713 se
2181 2674 2357 2731 utpote
2404 2686 2431 2717 e
2466 2663 2678 2720 divensis*

262 2745 483 2798 fontibus
514 2748 738 2812 haustas3
772 2748 983 2813 primam
1021 2746 1223 2814 quidem
1261 2748 1685 2816 chronologicam:
1720 2747 1940 2811 alteram,
1975 2766 2098 2813 quae
2133 2766 2160 2796 a
2195 2753 2220 2804 ς
2257 2748 2324 2799 54
2348 2752 2591 2818 incipiens
2613 2755 2665 2802 in

263 2826 576 2896 designandis
607 2832 723 2880 artis
756 2833 1061 2898 principibus
1093 2843 1198 2881 tota
1233 2834 1571 2882 consumitur:
1605 2833 1818 2896 tertiam,
1854 2834 1990 2880 cuius
2022 2833 2219 2881 initium
2253 2834 2312 2883 fit
2344 2853 2372 2884 a
2407 2843 2430 2892 §
2467 2841 2559 2901 72,
2591 2840 2669 2886 al·-

260 2912 594 2977 phabeticam.
687 2917 867 2965 flamm
924 2914 1137 2983 partium
1188 2918 1380 2981 media,
1426 2934 1576 2983 quam
1626 2933 1728 2964 non
1764 2916 2011 2967 immerito
2045 2916 2478 2983 paradigmaticam
2514 2919 2676 2985 dicas,

260 3013 295 3047 a
323 3001 351 3058 §
385 3000 452 3047 54
484 2998 550 3049 ad
582 3001 646 3049 67
679 3002 905 3066 quinque
925 3003 1194 3052 ‘statuarios
1227 3002 1467 3051 recenseri
1497 3000 1807 3067 iudicarique
1853 2999 2110 3063 Phidiam,
2150 3001 2467 3067 Polyclitum,
2499 3004 2673 3069 Myro-¹

261 3096 397 3146 nem,
425 3082 770 3149 Pythagoram,
803 3084 1085 3151 Lysippum.
1154 3083 1229 3134 Ad
1257 3085 1526 3134 Varronem
1557 3083 1682 3133 haec
1716 3084 1936 3150 quinque
1971 3082 2153 3132 iudicia
2187 3094 2318 3134 recte
2352 3086 2549 3135 referri:
2583 3087 2672 3136 in·-

261 3162 431 3214 didem
462 3165 609 3230 igitur
640 3175 1034 3216 consentaneum
1061 3183 1167 3217 8888
1211 3168 1357 3217 etiam
1402 3183 1486 3217 eas
1532 3174 1661 3232 quae
1702 3169 1920 3232 reliquae
1953 3177 2069 3216 sunt
2101 3170 2432 3234 paragr-aphes
2462 3172 2672 3219 68-71

254 3246 463 3312 repetis
497 3246 639 3315 Quae
668 3258 904 3315 quattuor
928 3251 1223 3316 paragraphi
1252 3265 1365 3299 cum
1388 3252 1450 3300 in
1460 3251 1750 3317 Telephanis
1783 3257 1834 3297 et
1851 3250 2122 3315 Praxitelis,
2151 3252 2497 3301 statuariorum
2522 3252 2676 3317 item,

255 3326 486 3379 laudibus
516 3340 787 3405 versentur,
817 3331 1007 3397 septem
1034 3327 1239 3398 prodire
1270 3334 1419 3388 unius
1448 3334 1642 3400 generis
1662 3331 1889 3395 artifices,
1924 3334 2107 3398 quibus
2133 3343 2323 3399 partem
2347 3333 2674 3401 paradigma-z

2251 3421 2278 3451 0

2251 3452 2281 3465 ω

1316 436 1578 548 ero
1606 470 1656 545 et
1679 446 2054 546 hebdomadem
2082 489 2363 546 excedente
2352 459 2699 556 ‘m'
2770 459 2774 462 ᾖ
2815 447 2819 453 ⁴
