2964 3642
0 0 412 55 ame-»wne
437 16 446 28 ,.
583 0 1545 56 wwefwmffiefflss

0 40 300 85 &fffslqgjsssgff‘ffsjijz
333 47 340 59 ·’
375 44 394 75 ’,
445 54 450 58 ’
503 59 507 61 Α
531 49 542 72 3
952 47 961 69 ;
1046 42 1112 84 ζῇς.»
1275 45 1383 58 »·-

224 271 225 274 “
269 294 579 337 ‘venustem
615 286 722 336 aevi
757 240 939 353 contra
966 287 1202 347 homines
1219 287 1408 343 valore}
1437 290 1674 352 ιιιπῃφ

271 367 713 437 immortalitatem
749 384 854 418 non
887 366 1074 439 solum
1079 365 1242 431 dedit,
1274 358 1445 418 verum
1482 368 1765 451 euentus„
1909 409 1930 426 A.
2045 423 2072 442 1,

273 451 394 501 ‘esse
408 448 629 519 u'bique
657 451 790 518 cludi
819 443 1057 518 possent-⁸
1126 451 1182 501 ln
1210 452 1409 543 Nquibus
1449 452 1613 504 τοι-δί·
1643 442 1874 523 primum
1889 449 2055 510 lund
2058 462 2190 509 m

276 616 437 667 dum·
475 615 680 682 quando
714 616 845 666 libro
880 610 1117 682 singulari
1153 601 1468 683 simplicique
1504 616 1805 671 enarrationi
1837 590 1997 668 Attici
2012 602 2088 672 et
2098 613 2319 692 ιιιῇζΑ
2326 638 2388 705 f

274 702 699 780 Varronianorum
756 711 805 749 et
846 701 1091 775 singulare
1135 699 1396 749 artificium
1444 703 1683 767 quaesito'
1720 704 1966 763 acumine
1998 703 2315 769 opponitur

278 795 445 834 autem
483 788 574 834 etsi
609 786 686 834 vel
719 786 791 833 sic
824 786 997 854 aliquo
1029 783 1180 833 modo
1215 786 1363 832 verba
1398 794 1629 850 apparet
1638 783 1717 831 ad
1737 784 2024 837 inlustrium
2045 786 2317 862 pertinere,
2345 784 2608 839 amittis·

273 870 483 938 ginIbus
520 887 624 935 quo
662 870 781 917 olim
815 870 957 917 solita
993 878 1108 917 sunt
1143 869 1343 931 referri,
1375 878 1544 916 tamen
1579 856 1796 917 insolens
1828 872 2086 938 ceteroqui
2119 869 2404 938 durumque
2430 887 2619 946 finitus:-

274 952 421 1001 cendi
443 953 506 1002 ad
526 953 801 1018 simplicem
823 953 1126 1017 planamque
1148 951 1560 998 consuetudinem
1590 950 1724 997 baud
1745 950 2030 1000 dubitanter
2053 953 2129 1016 sic
2143 956 2468 1018 revocamust
2492 945 2632 1016 inse
2681 1011 2689 1018 .
2726 1003 2729 1005 μ
2749 1011 2759 1017 ἡ,
2817 1006 2825 1010 ,ἢ

273 1036 587 1085 voluminum
623 1051 828 1085 suorum
849 1034 1175 1101 fecunditati
1208 1038 1637 1100 septingentorum
1673 1035 1961 1085 inlustrcum
1991 1016 2163 1105 ale'quo
2194 1024 2345 1100 modo
2387 1030 2734 1104 Ιιοηιίιιιικιρι]

275 1117 600 1184 imaginibus,
675 1119 961 1179 Postremo,
997 1115 1048 1165 id
1086 1115 1224 1182 quod
1262 1116 1410 1181 longe
1445 1117 1637 1180 gravius
1672 1126 1760 1180 est,
1795 1116 1937 1169 cludi
1968 1119 2272 1184 vocabulum*
2297 1136 2408 1182 cum
2449 1130 2541 1179 nec
2575 1127 2783 1179 rectes'
2903 1117 2964 1179 ἐμ

274 1202 476 1251 defendi
513 1221 661 1268 posse
699 1220 789 1249 nec
826 1211 958 1249 recte
994 1199 1313 1249 emendatum
1352 1219 1379 1248 a
1405 1218 1661 1265 quoquam
1697 1218 1802 1251 esse
1836 1201 2030 1265 pridem
2063 1202 2464 1262 intellefissemus
2500 1186 2708 1270 ipsaque
2894 1182 2927 1205 ff

271 1276 320 1335 ‘vi
357 1287 749 1334 ratiocinationis
783 1287 1034 1333 Plinianae
1081 1283 1143 1332 ad
1178 1285 1450 1338 sententiae
1501 1284 1707 1349 quidem
1755 1286 1863 1333 talis
1908 1288 2244 1336 necessitatem
2277 1287 2412 1336 ducti
2458 1294 2705 1351 essemus-2

274 1363 330 1419 ιιι
359 1381 652 1435 praesentes
687 1387 798 1418 esse
834 1369 1017 1437 ubique
1054 1380 1115 1417 ut
1165 1367 1316 1416 diui
1343 1381 1550 1434 possent
1570 1406 1585 1430 ,
1620 1361 1767 1416 verba
1803 1370 1908 1434 ipsa
1944 1361 2195 1434 scriptoris
2228 1370 2395 1434 paullo
2429 1380 2544 1435 post
2573 1369 2702 1419 vidi·

273 1469 383 1501 mus
411 1453 619 1519 palmari
656 1452 1008 1501 emendatione
1044 1469 1071 1501 a
1094 1453 1303 1500 Martino
1325 1452 1516 1500 Hertzio
1555 1464 1863 1520 recuperata:
1901 1454 2086 1526 ubique
2119 1470 2236 1506 ceu
2268 1454 2343 1505 di
2371 1438 2627 1523 ficissent,-
2651 1456 2706 1507 iu
2743 1490 2746 1493 Δ

274 1538 518 1586 Gerbardi
553 1539 728 1586 Diariis
762 1539 1148 1603 archaeologicis
1186 1538 1280 1585 vol.
1317 1537 1434 1600 vlu,
1470 1555 1518 1602 p.
1560 1536 1671 1584 144.
1744 1537 1889 1586 Cuius
1924 1539 2287 1588 emendationis
2313 1549 2415 1588 tam
2446 1536 2705 1589 manifesta

272 1624 452 1671 veritas
483 1631 555 1670 est
591 1632 670 1684 ut,
715 1623 802 1686 qui
839 1631 1067 1685 spernat,
1119 1623 1181 1671 ad
1222 1622 1440 1670 criticam
1479 1620 1793 1669 factitandam
1829 1622 2009 1671 factum
2042 1639 2145 1670 esse
2183 1639 2432 1688 negemus.
2503 1622 2699 1683 Quodsi

270 1708 455 1772 sprevit
488 1707 729 1772 Silligius,
775 1725 875 1752 non
925 1708 1105 1754 valebit
1150 1709 1250 1754 hoc
1294 1716 1509 1767 contras
1552 1708 1637 1772 qui
1675 1706 1897 1773 quidem,
1933 1717 1986 1754 ut
2014 1717 2211 1755 utamur
2245 1708 2503 1773 exemplo,
2534 1724 2637 1756 uno
2672 1724 2700 1754 e

270 1792 458 1852 multis,
494 1792 639 1837 etiam
679 1791 763 1836 lib.
801 1789 943 1836 XXVI
955 1826 970 1852 ,
1022 1795 1047 1844 §
1084 1789 1145 1837 14
1182 1800 1280 1838 tam
1320 1794 1517 1856 patiens
1555 1792 1701 1839 fuerit
1734 1792 2331 1858 ineptissimorumapud
2358 1797 2559 1859 priscos
2588 1809 2699 1841 ver-

269 1875 473 1937 borum,
510 1883 563 1922 ut
594 1874 901 1938 propositam
940 1874 991 1922 in
1042 1876 1405 1924 commentario
1450 1874 1512 1924 de
1546 1875 1777 1923 Varronis
1816 1874 2191 1938 Disciplinarum
2216 1873 2355 1923 libris
2388 1891 2438 1939 p.
2476 1877 2541 1925 52
2572 1891 2698 1937 con-

269 1963 527 2022 iecturam,
565 1977 663 2023 qua
685 1959 819 2006 illinc
841 1958 1227 2022 ἀποψυχριστής
1256 1959 1330 2006 vel
1356 1957 1555 2006 fortasse
1576 1955 1865 2017 α’ποψύκτης
1890 1973 2170 2022 cognomen
2191 1955 2490 2022 Asclepiadis
2515 1955 2699 2006 medici

273 2045 585 2107 emebamus,
622 2060 726 2091 non
759 2042 913 2089 modo
952 2043 1344 2101 contemneret‚'
1372 2041 1457 2089 sed
1512 2059 1573 2089 ne
1610 2049 2026 2089 commemoraret
2061 2038 2283 2105 quidem.
2354 2040 2454 2088 Sed
2487 2041 2612 2090 haec
2645 2042 2699 2091 in

258 2138 541 2177 transcursu
576 2138 787 2177 tantum.

437 2213 600 2278 Ipsum
639 2211 1020 2260 Hebdomadum
1073 2227 1257 2257 nomen
1310 2227 1459 2256 nemo
1496 2226 1717 2274 unquam
1767 2208 2009 2257 dubitavit
2044 2209 2164 2272 quin
2201 2208 2253 2255 hi
2289 2210 2403 2256 libri
2437 2209 2556 2258 inde
2589 2220 2691 2259 tra-

259 2298 424 2344 xerint
446 2332 458 2352 ,
513 2295 653 2360 quod
703 2297 981 2342 inlustrium
1032 2294 1296 2341 bominum
1351 2294 1588 2357 imagines
1626 2310 1726 2339 non
1761 2292 2043 2356 promiscue
2077 2302 2449 2356 proponerent,
2483 2293 2571 2341 sed
2600 2310 2691 2358 per

259 2381 422 2446 capita
457 2379 719 2444 dispositas
752 2396 880 2443 quae
916 2386 1143 2442 septenas
1177 2378 1412 2442 imagines
1448 2377 1909 2441 complecterentur.
2008 2375 2158 2440 Atqui
2193 2375 2532 2440 septingentae
2566 2377 2701 2426 ima-'

259 2465 403 2530 gines
437 2464 512 2511 vel
560 2473 759 2511 centum
807 2461 1152 2511 hebdomades
1204 2459 1494 2525 quindecim
1532 2460 1668 2507 libris
1702 2460 2015 2529 cumaliqua
2049 2459 2399 2524 aequabilitate
2446 2459 2696 2527 dispertiri

260 2558 538 2615 nequeunt.
626 2549 750 2613 Ergo
787 2547 1006 2611 primum
1053 2557 1249 2610 praesto
1289 2554 1361 2592 est
1394 2545 1520 2592 liber
1555 2542 1867 2605 εἰσαγωγικὸς
1902 2543 2077 2590 ceteris
2114 2542 2252 2589 libris
2293 2544 2693 2608 quattuordecim

262 2634 370 2699 pari
408 2632 616 2680 consilio
652 2631 966 2695 praemissus,
998 2645 1100 2694 quo
1137 2637 1448 2693 compertum
1484 2627 1726 2675 habemus
1762 2636 1811 2674 et
1845 2628 2026 2676 Rerum
2060 2626 2393 2675 humanarum
2426 2637 2475 2677 et
2510 2629 2690 2678 Rerum

261 2714 542 2762 divinarum
580 2722 629 2760 et
665 2713 728 2761 de
762 2714 927 2778 lingua
963 2712 1114 2759 latina
1147 2712 1482 2759 voluminibus
1500 2710 1718 2775 singulos
1748 2710 1902 2757 libros
1921 2709 2192 2783 Varronem
2216 2711 2542 2775 praemisisse,
2577 2713 2693 2777 qui-

260 2798 355 2846 bus
388 2797 738 2865 ‘communiter
774 2797 838 2844 de
875 2796 1120 2845 omnibus’
1162 2805 1340 2861 ageret·
1424 2797 1461 2843 E
1512 2810 1615 2860 quo
1653 2794 1915 2860 prooemio
1952 2795 2049 2841 iam
2086 2794 2138 2841 in
2170 2794 2322 2842 Musei
2357 2795 2479 2860 phil.
2516 2796 2546 2844 l.
2582 2812 2620 2844 s.
2656 2813 2694 2845 s.

264 2897 322 2930 ea
358 2882 724 2947 repetebamus,
761 2897 889 2947 quae
930 2879 994 2928 de
1028 2879 1305 2946 ‘septenarii
1356 2879 1552 2928 numeri
1596 2878 1642 2925 vi
1679 2885 1729 2925 et
1766 2876 1990 2926 facultate
2023 2877 2075 2924 in
2110 2876 2275 2926 multis
2311 2886 2513 2927 naturae
2538 2879 2696 2929 Yebus

261 2963 619 3015 animadversa'
655 2965 834 3030 partim
870 2962 1159 3014 ‘admodum
1196 2963 1504 3030 conquisite’,
1537 2962 1717 3028 partim
1749 2959 2108 3026 ‘frigidiuscule'
2129 2960 2374 3027 disputata
2397 2978 2455 3011 ex
2490 2963 2695 3029 primo

260 3048 437 3098 libro
478 3049 660 3099 Gellius
694 3048 773 3113 Ill,
803 3067 846 3098 c.
873 3053 934 3099 10
972 3048 1227 3114 excerpsit.
1298 3047 1593 3114 Eodemque
1629 3047 1688 3096 O.
1726 3046 1924 3096 Iahnius
1956 3047 2010 3096 in
2046 3047 2175 3096 Actis
2210 3046 2390 3097 Societ.
2437 3046 2614 3099 Saxon.
2650 3067 2696 3099 a.

264 3136 400 3183 1850
439 3152 488 3199 p.
535 3138 631 3184 140
668 3133 785 3183 adn.
813 3137 877 3183 72
914 3135 995 3182 illa
1029 3133 1300 3195 referebat,
1347 3150 1475 3198 quae
1512 3133 1575 3181 de
1611 3131 1910 3200 imaginibus
1942 3132 2213 3197 generatim
2251 3133 2471 3197 exposita
2506 3133 2694 3182 Plinius

259 3232 290 3265 a
314 3222 340 3272 S
362 3214 397 3264 4
416 3217 482 3264 ad
509 3222 534 3272 S
556 3219 635 3266 16‘
653 3217 967 3282 perscripsit:
1000 3234 1217 3282 quorum
1251 3227 1420 3264 tamen
1450 3228 1642 3281 partem
1671 3219 1740 3264 eis
1771 3218 1937 3282 potius
1971 3216 2294 3281 scriptoribus
2325 3217 2574 3281 tribueris,
2607 3219 2696 3282 qui

259 3305 316 3350 in
350 3310 611 3349 auctorum
657 3300 823 3349 indice
868 3301 983 3348 libri
1033 3300 1201 3348 XXXV
1234 3300 1539 3364 praecedunt
1582 3304 1644 3351 Μ.
1680 3303 1912 3349 Varronis
1946 3319 2165 3350 nomen:
2220 3302 2448 3351 Messalae
2476 3292 2696 3366 utrique,

256 3384 576 3447 Fenestellae,
609 3384 784 3432 Attico.
824 3374 826 3377 ⁵
855 3384 1047 3450 Ergone
1085 3382 1486 3450 quattuordecim
1524 3386 1612 3451 qui
1643 3393 1828 3433 restant
1860 3384 2102 3434 librorum
2138 3400 2372 3434 numerus
2404 3384 2519 3433 satis
2553 3392 2696 3449 aptus
