2964 3642
273 222 520 309 titionem
558 244 673 300 vide
710 261 863 319 quam
895 235 1098 317 egregie
1120 232 1369 323 congruat
1396 218 1492 296 de
1501 231 1545 307 G
1612 233 1731 285 *²2

281 324 524 399 pantibus
554 326 828 400 memoria.
917 331 1057 380 Paris
1096 331 1267 397 igitur,
1317 347 1421 381 non
1464 322 1715 398 imparis

278 433 330 482 p.
367 418 493 465 528:
537 398 715 465 ‘lucis
744 404 953 464 numero
988 414 1185 480 plurali,
1219 414 1366 482 quod·
1395 411 1511 465 sunt
1552 413 1710 482 dies.
1743 408 1932 467 Varro
1941 412 1947 481 s

279 498 550 550 ‘Demetri·
587 501 689 549 hic
712 488 1002 550 Demetrius
1036 512 1111 550 est
1145 512 1289 550 catus
1320 499 1460 569 quod
1492 499 1625 550 lucis
1649 498 1819 552 habet
1811 491 2012 551 &him
2028 490 2106 566 a}
2357 569 2361 573 ἡ

287 583 410 635 dum
438 602 565 646 7111,
593 584 695 632 sive
727 583 882 651 (quod
917 568 1264 649 amplectimur
1296 583 1551 642 libentius)
1577 600 1641 634 V!
1659 583 1746 632 -vel
1775 601 1864 634 1111
1891 579 2150 648 scriptum
2147 578 2306 636 ΝΒ
2352 581 2407 599 ”

283 650 537 739 praeclara
573 666 932 716 emendatione
969 668 1181 744 elogium
1220 666 1341 716 illud
1379 666 1683 715 Demetrii
1720 665 2030 740 Phalerei
2022 650 2531 745 Iosephussefligdr
2532 645 2712 770 {gfff}
2734 654 2851 742 {331}ss

284 751 475 819 talectis
507 768 555 816 p.
599 756 699 799 20
734 750 815 798 ed.
846 768 899 799 a.
940 753 1089 801 1617
1107 745 1465 813 instauraverit,
1500 751 1615 798 satis
1646 751 1777 799 inter
1803 755 1980 799 omnes
2011 754 2258 845 constare
2260 754 2546 816 putamus
2631 762 2634 765 ⁴
2683 756 2692 771 '³
2723 757 2727 760 “
2844 773 2853 780 >

775 833 863 881 Hic
899 833 1176 883 Demetrius
1210 850 1386 882 aeneas
1420 843 1497 882 tot
1530 844 1712 900 aptust,

771 915 909 977 Quot
943 917 1065 966 lucis
1098 917 1251 965 habet
1284 934 1442 966 annus
1472 919 1754 980 absolutus:

279 999 372 1047 nisi
409 998 550 1065 quod
585 1000 766 1047 rectius
798 998 1102 1047 Schraderus
1134 1015 1311 1049 aereas
1343 1001 1650 1050 substituisse
1680 1011 1813 1050 recte
1846 1001 2105 1052 iudicatur.
2129 1028 2173 1035 -—
2181 1000 2413 1050 Contra
2422 998 2498 1051 ad
2510 979 2710 1060 Roma·-

275 1100 397 1131 num
436 1084 716 1147 hominem,
750 1084 790 1131 si
827 1083 982 1132 modo
1019 1082 1082 1131 de
1120 1082 1297 1132 ordine
1316 1086 1622 1134 Varroniano
1657 1085 1988 1151 probabiliter
2020 1086 2295 1172 statuimus,
2330 1102 2433 1133 non
2446 1084 2534 1144 ad
2548 1071 2711 1157 Grae-

273 1184 387 1216 cum
421 1168 504 1215 illa
542 1168 857 1232 pertinebant
904 1184 1032 1232 quae
1068 1184 1095 1215 e
1132 1185 1294 1215 nono
1331 1168 1460 1215 libro
1506 1168 1754 1218 Charisius
1788 1171 1994 1218 servavit
2037 1187 2087 1234 p.
2129 1174 2254 1217 121.
2300 1167 2467 1217 ‘Varro
2514 1164 2716 1242 bebdo-

271 1250 480 1299 ‘madon
522 1269 682 1299 nono.
718 1271 752 1300 a
788 1252 947 1320 uulgu
990 1252 1437 1302 condemnaretur-²

446 1337 507 1383 At
541 1352 656 1383 vero
706 1336 825 1384 huic
860 1335 1168 1401 disponendi
1210 1336 1373 1402 specie
1422 1346 1589 1402 aperte
1631 1353 1903 1415 repugnare
1956 1336 2099 1385 Gellii
2136 1336 2477 1386 testimonium
2518 1299 2713 1389 videtur

270 1413 431 1484 ‘quod
468 1429 541 1471 est
577 1421 628 1475 in
666 1422 828 1485 capite
856 1427 911 1468 11
957 1420 1150 1468 librilll
1186 1419 1249 1468 ad
1268 1421 1537 1468 Homerum
1574 1421 1850 1485 pertinens·
1879 1416 1980 1468 &M
1991 1429 2155 1468 autem
2175 1420 2326 1467 Varro
2362 1420 2412 1466 in
2447 1422 2613 1486 primo
2647 1404 2713 1483 de

268 1503 603 1567 ‘imaginibus,
623 1513 732 1551 uter
751 1506 890 1567 prior
912 1505 974 1551 sit
995 1514 1153 1566 natus,
1173 1521 1348 1568 parum
1371 1514 1596 1552 constare
1616 1504 1754 1566 dicit,
1788 1503 1875 1551 sed
1912 1520 2014 1550 non
2042 1519 2145 1551 esse
2161 1503 2518 1569 dubiumrquin
2538 1506 2709 1571 aliquo

212 1590 242 1615 f
262 1578 515 1649 ‘tempore
554 1586 733 1633 eodem
770 1588 995 1649 vixerint,
1039 1586 1195 1652 idque
1232 1604 1287 1634 ex
1323 1590 1495 1643 [immo
1527 1590 1595 1641 et]
1628 1585 1979 1650 epigrammate
2010 1584 2204 1633 ostendi
2234 1582 2383 1649 *quod
2419 1587 2470 1632 in
2505 1572 2709 1649 tripode

261 1660 518 1733 ‘scriptum
557 1679 645 1732 est,
682 1671 768 1735 qui
810 1672 862 1716 in
897 1680 1069 1718 monte
1111 1672 1345 1718 Helicone
1381 1670 1443 1715 ab
1481 1668 1694 1716 Hesiodo
1732 1668 1920 1733 positus
1956 1663 2193 1715 traditur.‘
2273 1668 2330 1714 Et
2379 1669 2430 1714 in
2479 1667 2578 1715 fine
2626 1685 2709 1716 ca-

265 1750 406 1812 pitis:
434 1745 523 1796 ‘De
560 1753 718 1814 patria
773 1769 978 1816 quoque
1014 1754 1216 1799 Homeri
1261 1754 1418 1799 multo
1463 1754 1674 1799 maxime
1721 1751 1995 1798 dissensum
2050 1760 2135 1796 est.
2190 1750 2270 1796 alii
2316 1748 2706 1814 Colophonium,

263 1827 361 1879 ‘alii
399 1832 760 1897 Smyrnaeum,
811 1845 926 1882 sunt
972 1836 1059 1900 qui
1112 1836 1493 1896 Atheniensem,
1540 1845 1653 1883 sunt
1688 1836 1836 1882 etiam
1890 1835 1976 1900 qui
2015 1834 2303 1898 Aegyptium
2342 1833 2486 1882 fuisse
2521 1833 2701 1883 dicant.
2762 1857 2764 1859 ·

256 1907 557 1965 ‘Aristoteles
616 1918 822 1967 tradidit
868 1937 923 1967 ex
961 1922 1118 1968 insula
1168 1921 1237 1968 lo.
1274 1920 1336 1968 M.
1375 1922 1523 1967 Varro
1563 1919 1737 1981 [immo
1775 1919 1841 1965 lo.
1895 1917 2009 1964 ideo
2054 1918 2115 1964 M.
2164 1919 2337 1970 Varro]
2375 1917 2427 1963 in
2463 1918 2590 1965 libro
2638 1918 2703 1975 de

263 2000 580 2065 ‘imaginibus
616 2003 780 2066 primo
819 2004 1019 2052 Homeri
1055 2005 1594 2069 imaginipepigramma
1629 2004 1729 2051 hoc
1762 2004 2015 2067 apposuit:

746 2084 942 2152 Capella
976 2087 1177 2136 Homeri
1215 2086 1425 2135 candida
1461 2087 1585 2136 haec
1618 2086 1869 2135 tumulum.
1902 2084 2102 2148 indicat,

743 2170 898 2231 Quod
931 2172 1025 2219 hac
1061 2171 1188 2220 letae
1226 2182 1424 2220 mortuo
1460 2171 1645 2219 faciunt
1679 2164 1844 2218 sacra.'
1893 2222 1896 2225 Α

262 2253 442 2299 Verum
483 2255 614 2301 enim
661 2272 775 2301 vero
813 2255 913 2302 hoc
948 2265 1238 2318 argumento
1276 2257 1392 2319 quia
1437 2255 1646 2302 nimium
1685 2255 1941 2317 probatur,
1974 2253 2214 2318 probatur
2250 2253 2388 2300 nihil.
2473 2252 2626 2314 Quod
2659 2256 2698 2303 si
2748 2289 2751 2292 .

210 2345 212 2348 ’
262 2352 324 2381 eo
363 2337 570 2399 valeret,
621 2348 671 2384 ut
716 2337 930 2385 Graecae
980 2337 1287 2385 hebdomadi
1323 2340 1459 2386 locus
1510 2338 1654 2385 fuisse
1690 2339 1740 2384 in
1788 2338 1990 2403 imparis
2025 2338 2217 2385 numeri
2255 2338 2382 2384 libro
2420 2336 2699 2386 credendus

261 2429 418 2482 esset,
471 2421 614 2468 simul
664 2422 796 2469 hanc
840 2423 941 2468 vim
994 2422 1200 2470 baberet
1245 2431 1299 2470 ut
1335 2424 1438 2487 ipse
1472 2423 1662 2487 primus
1696 2423 1823 2469 liber
1873 2406 1976 2469 non
2011 2431 2177 2485 posset
2228 2420 2520 2485 praelationi
2562 2430 2697 2477 totus

256 2503 427 2565 tribui,
463 2504 552 2551 sed
587 2506 775 2570 aliquid
810 2507 1026 2570 ipsarum
1065 2506 1333 2570 imaginum
1377 2506 1645 2569 acciperet:
1695 2504 1747 2551 id
1793 2514 1955 2552 autem
2005 2520 2154 2568 quam
2202 2503 2466 2551 abhorreat
2518 2520 2545 2551 a
2591 2506 2693 2554 veri

255 2587 611 2649 similitudine,
655 2605 801 2653 supra
836 2588 1136 2637 declaratum
1185 2599 1271 2636 est.
1357 2587 1603 2649 Quocirca
1641 2605 1742 2636 non
1786 2586 2124 2635 dubitabimus
2173 2587 2405 2653 liberiore
2456 2604 2585 2652 quae
2638 2590 2690 2638 in

257 2682 498 2737 promptu
546 2682 619 2720 est
654 2674 1061 2739 interpretatione
1107 2676 1177 2721 uti
1216 2673 1461 2738 Gelliique
1497 2673 1733 2719 verbain
1772 2689 1878 2718 eam
1917 2680 2108 2738 partem
2140 2680 2329 2719 vertere
2363 2681 2417 2719 ut
2450 2672 2555 2735 ille,
2604 2674 2692 2721 ubi

256 2756 536 2804 subiectum
573 2757 775 2805 Homeri
827 2758 1029 2823 imagini
1067 2759 1369 2823 epigramma
1405 2756 1751 2822 adiectamque
1805 2756 1868 2804 de
1921 2757 2047 2804 illius
2097 2765 2246 2822 atque
2279 2745 2490 2804 'Hesiodi
2533 2767 2692 2808 aetate

255 2836 643 2904 disputationem
685 2831 1134 2906 excerpebat,'non
1171 2858 1364 2890 curasse
1401 2842 1718 2906 praemissam
1753 2842 1982 2890 universo
2022 2840 2160 2906 operi
2196 2839 2551 2905 praefationem
2583 2843 2686 2892 exi-

253 2922 497 2985 stimetur,
532 2924 619 2972 sed
655 2925 872 2989 primum
911 2926 1092 2974 librum
1126 2914 1305 2974 'dixisse
1343 2926 1430 2991 qui
1468 2944 1636 2990 reapse
1671 2926 1859 2989 primus
1895 2934 2019 2973 esset
2056 2925 2290 2989 imagines
2325 2925 2453 2988 ipsas
2486 2942 2689 2990 reprae-

251 3015 468 3054 sentans.
541 3007 666 3073 Ergo
703 3009 755 3055 in
789 3009 1082 3057 secundo
1119 3011 1312 3075 potius,
1363 3010 1402 3057 si
1439 3008 1503 3056 ad
1546 3010 1778 3057 amussim
1817 3007 1872 3056 fit
1921 3008 2228 3070 numeratio,
2275 3007 2576 3056 Homerus
2622 3019 2688 3073 et,

251 3099 308 3139 ut
351 3101 741 3141 consentaneum
780 3103 853 3141 est
887 3088 1107 3158 credere,
1142 3093 1454 3143 Hesiodus
1489 3094 1653 3143 locum
1697 3094 2012 3143 invenerant:
2058 3091 2193 3141 unde
2243 3109 2555 3157 consequens
2597 3103 2686 3157 est,

250 3182 310 3221 ut
342 3176 522 3223 latinos
557 3185 728 3240 poetas
762 3163 934 3225 tertius
960 3188 1360 3243 persequeretur.
2297 3164 2302 3170 ⁴

418 3257 643 3325 Integrae
678 3260 1010 3310 hebdomadis
1045 3270 1240 3326 praeter
1274 3278 1383 3309 eam
1420 3277 1571 3326 quam
1608 3261 1852 3310 Ausonius
1885 3269 2088 3309 testatus
2138 3268 2210 3308 est
2256 3258 2433 3308 nullius
2475 3261 2712 3310 nomina*

252 3352 510 3408 comperta
542 3345 801 3394 habemus.
856 3345 980 3394 'Nisi
1015 3344 1158 3412 quod
1192 3346 1371 3412 aliquis
1404 3345 1606 3394 sortasse
1640 3346 1694 3393 in
1727 3345 1828 3392 hoc
1859 3359 2040 3411 genere
2075 3343 2389 3391 coniecturae
2421 3342 2562 3391 locus
2590 3352 2681 3392 est.
