2964 3642
276 837 374 905 'git
408 840 735 907 perspicitur,
787 840 1050 908 quomodo
1099 841 1222 891 illud
1259 843 1412 891 Varro
1451 843 1717 919 instituere
1758 836 2000 910 potuerit
2010 853 2087 896 ιιι
2104 842 2317 914 exterae
2336 834 2411 896 et
2413 821 2504 896 (16
2526 845 2567 903 ”ἶ”

328 0 358 13 '¹0'
387 0 531 34 Z·⁷ae;··m4j‹eisae:;-
539 0 905 32 ,ἶύἒξὶᾗῆΞ-ἵερζῖὲξξὲιξ
919 0 987 32 :34
997 0 1113 34 '31-›4Jus'fg
1140 0 1285 25 μῖᾒῖῒκέἶχὶῖμυ

322 41 327 48 “
343 32 370 44 *I
390 31 416 47 ”¹
438 35 446 39 ““
463 24 561 55 5⁴⁵3:ss
883 31 910 45 *f
937 33 949 51 -“.
966 27 1007 51 ;ι’Ἰ
1029 26 1047 41 “’
1065 23 1101 49 ·“Ἰκ
1177 48 1187 55 ,,
1231 28 1237 38 ¹
1261 31 1272 43 κ

1134 99 1140 111 „
1142 76 1150 81 <
1103 0 1145 38 ἶφι

1156 26 1166 43 Ἇ(

183 556 186 558 ,
271 507 274 511 ’
303 479 892 567 tibusauisVar-ronem
925 497 1237 591 persecutum
1275 503 1799 582 mudmmpb
1819 524 1990 564 ο...
2014 524 2031 546 s
2050 534 2071 540 NJ

249 619 267 629 --
301 599 358 640 ιι
384 591 670 647 varietatem
714 591 970 663 wionius,
1004 609 1158 658 quam
1203 579 1459 659 multiplex
1481 580 1759 646 intumi·
1773 610 1813 649 ,ι
1831 568 2092 644 Varrone

299 671 418 725 aed
410 663 750 739 argumento,
779 689 930 746 quam
969 676 1092 724 nihil
1144 677 1198 725 in
1233 677 1348 725 hac
1361 677 1643 733 certorum
1658 664 2059 727 testimoniorum
2317 734 2322 737 ¹
2359 710 2383 725 =-

301 743 612 807 confidentia
641 758 851 807 divinari
886 759 950 807 de
984 759 1179 812 illorum
1211 759 1465 807 librorum
1488 757 1758 825 partitione
1791 747 1973 840 possit.
2030 761 2128 822 Nisi
2143 733 2438 831 querfits³
2466 821 2472 828 ¹

301 923 497 989 virtutis
547 923 716 973 laudes
763 925 932 991 aliquo
977 925 1133 975 modo
1187 935 1592 992 exaequarentur.
1677 926 1799 976 Nam
1842 928 1890 975 si
1934 928 2008 975 in
2023 916 2348 1002 qtnbuadain
2385 910 2661 1005 partibus-
2758 1001 2760 1003 r

302 1005 523 1059 habebat
570 1024 689 1056 sane
736 1009 1075 1058 Romanorum
1122 1010 1291 1075 inopia
1328 1009 1466 1075 quod
1503 1027 1616 1059 cum
1653 1006 1952 1070 Graecorum
1993 1012 2312 1083 praestantia
2332 1009 2764 1083 contenderem,
2760 1024 2799 1087 λ’·

300 1099 469 1144 nmen
502 1093 617 1144 satis
653 1092 808 1142 videri
844 1096 1010 1160 potuit
1043 1094 1315 1159 aliquando
1347 1094 1495 1143 simili
1524 1088 1721 1159 generi
1734 1094 1894 1143 simile
1912 1092 2158 1157 substitui,
2192 1092 2346 1144 modo
2365 1080 2518 1146 haee
2527 1082 2615 1149 Iex
2629 1092 2751 1150 nb·-

274 1186 575 1257 ..servaretur
607 1187 663 1226 ut
696 1180 748 1226 in
780 1179 980 1244 singulis
1003 1179 1243 1226 librorum
1280 1177 1525 1242 ‘dyadibus
1554 1178 1861 1243 septemplici
1897 1177 2080 1227 honori
2116 1166 2376 1244 peregrino
2419 1180 2792 1248 septemplex
2914 1242 2928 1245 Η

301 1259 554 1309 Romanus
589 1261 926 1327 responderet.
2806 1260 2809 1269 =

374 1441 422 1495 ¹⁸)
450 1440 556 1484 Dum
589 1442 632 1484 in
663 1453 716 1484 eo
747 1446 812 1485 est
839 1440 1122 1498 typographus
1150 1446 1195 1484 ut
1222 1440 1380 1497 prelum
1409 1446 1622 1496 exerceat,
1652 1454 1786 1486 novas
1815 1428 2014 1498 quasdam
2053 1444 2346 1495 meditationes
2384 1455 2480 1488 suas
2509 1422 2725 1507 nobiscum

450 1512 656 1558 flenricus
687 1514 890 1558 Brunnius
923 1516 1227 1569 communicat,
1266 1514 1377 1558 unde
1419 1515 1592 1559 forsitan
1634 1516 1784 1570 aliquid
1826 1516 1932 1559 lucis
1975 1518 2017 1559 in
2058 1528 2152 1559 eam
2195 1528 2317 1572 quam
2360 1529 2484 1573 supra
2511 1512 2729 1574 tetigimus

446 1590 731 1642 quaestionem
760 1588 979 1632 redundet.
1038 1589 1160 1644 Apud
1190 1589 1367 1631 eundem
1398 1590 1508 1632 enim
1550 1589 1735 1643 Plinium,
1767 1590 1833 1632 cui
1862 1591 2104 1633 memoriam
2133 1588 2408 1638 hebdomadis
2438 1576 2725 1637 varronianae

444 1663 637 1716 antiquos
666 1663 886 1705 statuarios
919 1662 1171 1717 ‚complexae
1201 1662 1369 1715 deberi,
1413 1663 1457 1704 in
1486 1662 1633 1705 eodem
1662 1661 1769 1706 libro
1799 1661 1989 1716 XXXIV,
2035 1656 2078 1705 in
2106 1661 2199 1707 tinev
2218 1663 2346 1716 partis
2385 1648 2724 1719 chronologicae,

428 1732 484 1777 ad
517 1735 693 1778 eandem
723 1740 853 1778 artem
896 1736 1148 1791 pertinentia
1188 1740 1345 1790 septem
1390 1735 1555 1778 nomina
1593 1734 1699 1777 haec
1738 1736 1931 1791 componi
1971 1737 1999 1785 S
2037 1736 2118 1778 52:
2152 1732 2361 1778 ‘cessavit
2405 1727 2564 1778 deinde’
2605 1738 2723 1796 (post

428 1808 582 1863 olymp.
615 1808 767 1858 CXXI)
792 1807 880 1852 ‘ars
910 1823 960 1852 ac
989 1821 1112 1851 rusus
1143 1807 1377 1864 olympiade
1397 1807 1518 1851 CLVI
1541 1809 1711 1861 revixit,
1740 1821 1833 1851 cum
1863 1808 1981 1851 fuere
1999 1807 2126 1864 longe
2157 1807 2322 1861 quidem
2344 1807 2451 1850 infra
2468 1806 2722 1862 praedictoS,

424 1878 604 1935 ‘probati
655 1887 791 1924 tamen
830 1883 1096 1935 Antaeus,
1160 1881 1552 1934 CallistratuS,
1601 1880 2174 1936 Polycles·AthenaeuS,
2203 1879 2582 1933 ὈιιΙΙίιιειιιιιιιἸ
2626 1881 2722 1934 Py·-

424 1951 681 2009 ‘thocles,
714 1955 956 2011 Pythias,
986 1954 1290 1999 TimocleS.’
1333 1954 1420 1998 Nec
1436 1956 1547 1997 enim
1579 1955 1629 1998 de
1645 1952 1804 1999 artifice
1822 1953 2037 1997 Athenaeo
2069 1953 2335 2010 cogitandum
2364 1953 2514 2007 videri,
2544 1953 2620 1996 sed
2651 1951 2704 1996 de

429 2028 677 2072 Atheniensi
710 2029 892 2085 Polycle.
938 2029 1031 2072 Non
1060 2031 1188 2085 igitur
1214 2030 1412 2072 dissimile
1442 2031 1534 2073 veri
1563 2042 1658 2072 esse
1688 2043 1741 2072 ex
1761 2029 2014 2085 Imaginibus
2042 2029 2244 2071 Varronis
2271 2027 2380 2071 hanc
2410 2038 2574 2083 quoque
2603 2026 2714 2069 heb-

432 2102 650 2145 domadam
689 2105 982 2146 statuariorum
1018 2114 1237 2156 manasse,
1282 2103 1333 2146 de
1365 2104 1512 2157 quibus
1552 2105 1595 2145 in
1625 2102 1807 2146 Historia
1836 2101 2039 2145 artificum
2068 2101 2222 2144 dictum
2263 2099 2349 2143 vol.
2379 2100 2411 2152 l,
2443 2112 2486 2154 p.
2515 2100 2598 2143 535
2624 2110 2718 2153 sqq.

432 2176 522 2218 Vna
552 2188 657 2219 vero
684 2176 912 2231 eademque
939 2181 1076 2219 aetate
1104 2177 1198 2220 illos
1232 2177 1551 2231 comprehendi,
1597 2189 1702 2232 quae
1733 2176 1809 2219 fuit
1850 2177 1964 2218 circa
1996 2180 2182 2230 tempora
2224 2178 2486 2230 expugnatae
2515 2170 2717 2215 Corinthi.

424 2246 528 2291 Esse
559 2252 695 2291 autem
723 2249 832 2292 hanc
865 2262 957 2292 eam
987 2254 1161 2292 aetatem
1179 2282 1192 2302 ,
1233 2262 1313 2304 qua
1344 2249 1516 2293 Romam
1545 2261 1613 2292 ars
1644 2249 1805 2293 Graeca
1837 2250 2027 2305 migrarit
2064 2259 2306 2302 novumque
2343 2246 2401 2288 ibi
2431 2249 2472 2288 et
2501 2244 2716 2300 proprium

429 2321 683 2365 domicilium
712 2322 921 2365 statuerit:
963 2328 1019 2375 ut,
1054 2334 1174 2377 quam
1206 2328 1337 2365 artem
1367 2334 1552 2384 quosque
1585 2322 1762 2364 artifices
1793 2327 1984 2377 tanquam
2014 2333 2123 2365 nova
2153 2325 2289 2363 mater
2316 2321 2359 2361 in
2389 2320 2484 2362 sinu
2511 2328 2587 2359 suo
2615 2317 2720 2359 urbs

427 2394 558 2439 Roma
590 2395 770 2449 foveret,
804 2396 1027 2451 participes
1059 2383 1239 2451 quodam
1270 2395 1391 2439 modo
1423 2397 1549 2451 ipsius
1582 2396 1761 2438 civitatis
1779 2395 1991 2439 Romanae
2021 2394 2181 2437 fierent.
2240 2393 2380 2447 ltaque
2409 2390 2502 2432 lieri
2531 2390 2717 2444 potuisse

427 2474 473 2513 ut
494 2472 538 2513 in
564 2475 675 2514 tanta
698 2471 1206 2525 penuriastatuariorum,
1238 2472 1308 2525 qui
1326 2471 1468 2514 Italica
1494 2471 1620 2525 stirpe
1641 2468 1806 2513 oriundi
1834 2467 2008 2522 aliquam
2030 2465 2320 2510 samam‘nacti
2352 2470 2505 2519 essent,
2534 2468 2717 2507 veterum

430 2544 687 2588 Graecorum
730 2543 979 2588 hebdomadi
1023 2544 1160 2588 Varro
1199 2546 1241 2587 in
1273 2545 1462 2599 proximo
1507 2542 1616 2586 libro
1654 2535 1966 2595 >hebdomadem
2010 2539 2291 2594 posteriorum
2333 2541 2585 2594 opponeret,
2632 2537 2716 2592 qui,

427 2629 660 2673 quanquam
688 2618 911 2675 peregrina
941 2618 1123 2674 origine,
1158 2622 1299 2661 tamen
1318 2618 1431 2661 velut
1460 2614 1806 2673 adoptaticiorum
1832 2617 1876 2660 in
1903 2616 2002 2659 loco
2032 2627 2056 2658 a
2083 2612 2279 2657 Romanis
2307 2611 2575 2665 haberentur,
2603 2615 2649 2654 ut
2674 2614 2717 2652 et

432 2692 700 2735 nobilitantes
730 2694 884 2736 novam
913 2692 1053 2735 sedem
1072 2698 1113 2735 et
1144 2693 1195 2735 ab
1229 2692 1374 2735 eadem
1403 2692 1609 2736 nohilitati
1636 2692 1732 2746 ipsi.
1789 2691 1927 2746 Atque
1958 2691 2014 2731 ita
2053 2689 2175 2733 etiam
2211 2688 2345 2744 magis
2374 2686 2561 2742 intellegi
2593 2695 2717 2748 quam

428 2767 511 2808 vim
541 2765 642 2808 illud
673 2765 838 2819 habeat,
871 2767 982 2821 quod
1010 2772 1095 2809 tum
1126 2753 1417 2809 revixisse
1448 2770 1579 2809 artem
1606 2766 1754 2808 scribit
1780 2765 1955 2807 Plinius:
1985 2764 2107 2816 item,
2148 2773 2224 2804 cur
2259 2761 2312 2803 ab
2342 2760 2472 2803 CXXI
2510 2758 2564 2800 ad
2594 2756 2714 2801 CLVI

431 2838 703 2894 olympiadem
734 2843 849 2883 tanto
892 2840 1090 2894 temporis
1135 2838 1251 2884 hiatu
1292 2839 1428 2883 subito
1458 2838 1675 2884 transiliat.
1703 2863 1758 2872 —
1788 2837 1851 2881 De
1881 2848 1960 2891 qua
1999 2836 2241 2879 coniectura
2286 2832 2398 2876 omni
2436 2842 2568 2887 penes
2611 2829 2716 2874 alios

429 2910 628 2955 iudicium
660 2917 765 2956 esto.
824 2913 960 2956 Vnum
989 2912 1072 2956 hoc
1104 2912 1307 2966 addimus,
1342 2925 1494 2969 magna
1519 2924 1611 2955 cum
1634 2910 1922 2966 probabilitate
1951 2906 2514 2952 similem‘ratiocinationem
2539 2903 2592 2947 ad
2611 2906 2715 2948 Ae-

425 2997 561 3029 neae
589 2997 810 3041 personam
842 2985 1076 3039 transferri,
1108 2987 1173 3029 cui
1207 2986 1343 3029 locum
1373 2988 1415 3029 in
1448 2985 1599 3029 Εἰκόσι
1616 2985 1819 3028 Varronis
1854 2984 2019 3027 Ioannis
2047 2980 2155 3037 Lydi
2185 2979 2461 3023 testimonium
2488 2977 2630 3021 tribuit
2659 2974 2712 3018 de

430 3060 618 3117 magistr.
653 3060 685 3114 1,
716 3059 785 3104 30.
847 3059 951 3104 Nam
981 3059 1095 3103 hunc
1138 3064 1181 3103 ut
1211 3072 1328 3103 suum
1363 3060 1444 3104 sibi
1473 3058 1696 3103 vindicare
1729 3059 2036 3103 consueverunt
2073 3054 2263 3108 Romani,
2294 3054 2349 3096 ita
2382 3052 2610 3096 Varronem
2638 3058 2742 3105 po-‘

426 3134 629 3177 tissimum
659 3147 683 3177 a
712 3134 886 3178 Graecis
908 3133 1118 3178 heroibus
1144 3147 1397 3192 segregasse
1426 3147 1477 3177 eo
1509 3133 1749 3177 credibilius
1778 3137 1855 3186 est,
1886 3143 1965 3187 quo
1995 3129 2162 3186 aegrius
2180 3129 2222 3171 in
2247 3126 2330 3171 hoc
2359 3128 2449 3181 ipso
2476 3135 2635 3181 genere
2665 3123 2720 3167 ad

426 3209 721 3255 abundantiam
739 3208 1001 3253 Graecorum
1021 3208 1195 3252 Italicae
1225 3208 1476 3263 antiquitatis
1504 3208 1642 3262 inopia
1669 3204 2039 3262 appropinquabat.
2052 3227 2108 3238 -
2122 3201 2314 3245 Ceterum
2346 3200 2391 3242 in
2418 3191 2721 3253 perlustrandis

430 3284 635 3329 classibus
672 3282 887 3327 hominum
915 3282 1150 3326 inlustrium
1164 3316 1178 3338 ,
1224 3294 1331 3338 quae
1376 3282 1555 3326 Varroni
1593 3284 1873 3337 suppeterent,
1915 3289 2039 3334 supra
2076 3277 2210 3333 potuit
2251 3276 2377 3317 etiam
2405 3270 2569 3315 athletis
2600 3270 2734 3314 loeus·

427 3360 554 3403 tribui
577 3363 699 3414 atque
720 3357 1039 3415 gladiatoribus,
1067 3359 1202 3414 potuit
1233 3357 1326 3401 aliis
1357 3356 1547 3400 ludorum
1579 3354 1837 3411 publicorum
1869 3352 2115 3406 victoribus,
2144 3349 2279 3406 potuit
2310 3346 2435 3391 claris
2451 3342 2732 3391 mutieribm2
